1866 2964
773 206 864 256 ST.
903 207 1311 257 AUGUSTINE

721 361 816 410 No.
843 369 899 410 41
929 362 1046 426 (Ep.
1074 361 1359 425 CLXXIX)

298 483 561 526 DOMINO
622 481 1013 523 BEATISSIMO
1072 482 1149 522 ET
1208 480 1455 522 MERITO
1512 479 1794 527 VENERA-

410 548 538 589 BILI
576 547 807 588 FRATRI
840 547 917 587 ET
948 545 1335 587 COEPISCOPO
1373 544 1653 586 IOHANNI
1685 544 1796 585 AU—

408 611 727 654 GUSTINUS
761 611 828 652 IN
860 610 1123 652 DOMINO
1157 610 1457 652 SALUTEM

237 739 255 777 1
349 729 501 788 Quod
547 736 671 776 tuae
721 731 1009 775 sanctitatis
1058 730 1247 791 scripta
1295 744 1397 774 non
1443 730 1624 783 merui,
1673 724 1798 773 nihil

284 799 450 845 audeo
505 812 836 852 suscensere3
880 796 1061 843 melius
1108 799 1244 842 enim
1287 795 1595 858 perlatorem
1642 795 1794 842 credo

285 865 527 920 defuisse,
565 881 720 928 quam
755 881 839 910 me
877 867 1101 926 suspicor
1131 881 1159 909 a
1185 871 1277 910 tua
1313 866 1642 910 veneratione
1679 879 1796 909 con-

281 941 559 996 temptum,
599 933 803 979 domine
841 932 1137 978 beatissime
1178 939 1231 978 et
1269 935 1453 978 merito
1491 930 1795 978 venerabilis

285 1001 460 1048 frater.
532 1000 680 1047 Nunc
727 1017 864 1056 vero,
914 1004 1154 1064 quoniam
1202 1016 1403 1046 servum
1452 1000 1535 1046 dei
1584 999 1795 1055 Lucam,

282 1087 374 1133 per
410 1085 564 1132 quem
598 1072 697 1115 ista
734 1069 914 1124 direxi,
950 1071 1051 1114 cito
1087 1071 1311 1131 comperi
1347 1084 1456 1114 esse
1491 1068 1795 1123 rediturum,

283 1154 432 1201 agam
467 1137 671 1183 domino
707 1144 761 1182 et
793 1143 916 1182 tuae
949 1137 1261 1199 benignitati
1294 1137 1477 1182 uberes
1511 1139 1720 1199 gratias,
1754 1138 1795 1181 si

279 1222 363 1253 me
397 1205 581 1251 litteris
617 1203 771 1250 fueris
807 1207 1011 1250 visitare
1047 1204 1304 1267 dignatus.
1375 1203 1642 1267 Pelagium
1675 1219 1794 1250 vero

281 1273 493 1320 fratrem
540 1280 790 1327 nostrum,
838 1271 997 1318 filium
1043 1279 1209 1328 tuum,
1257 1288 1412 1335 quem
1459 1272 1610 1319 audio
1657 1271 1795 1334 quod

279 1340 499 1388 multum
517 1340 700 1404 diligis,
716 1339 847 1385 hanc
862 1339 932 1385 illi
949 1357 1169 1403 suggero
1188 1339 1430 1386 exhibeas
1448 1339 1793 1395 dilectionem,

280 1417 338 1455 ut
356 1408 604 1463 homines,
623 1411 709 1471 qui
730 1425 847 1454 eum
864 1415 1118 1454 noverunt
1138 1415 1191 1454 et
1209 1408 1483 1472 diligenter
1501 1409 1792 1464 audierunt,

280 1493 382 1523 non
407 1477 470 1522 ab
497 1493 557 1522 eo
582 1483 726 1522 tuam
751 1480 1082 1523 sanctitatem
1108 1479 1407 1523 existiment
1430 1475 1560 1527 falli„

230 1552 253 1590 2
345 1545 477 1590 Nam
541 1545 750 1606 quidam
815 1561 878 1590 ex
942 1544 1198 1606 discipulis
1264 1548 1371 1590 eius
1436 1544 1791 1591 adulescentes

278 1612 634 1658 honestissime
688 1614 797 1658 nati
851 1619 904 1658 et
956 1615 1205 1658 institutis
1258 1611 1551 1659 liberalibus
1605 1612 1792 1659 eruditi

279 1697 439 1743 spem,
473 1697 627 1742 quam
659 1679 923 1726 habebant
954 1683 1007 1725 in
1038 1679 1257 1735 saeculo,
1291 1684 1398 1727 eius
1432 1679 1790 1728 exhortatione

280 1749 582 1795 dimiserunt
619 1755 671 1794 et
707 1763 760 1794 se
798 1748 863 1794 ad
898 1748 981 1795 dei
1017 1751 1280 1794 servitium
1315 1748 1658 1795 contulerunt.
1731 1748 1791 1794 In

279 1817 462 1879 quibus
517 1823 695 1862 tamen
747 1832 863 1861 cum
917 1819 1273 1878 apparuissent
1327 1817 1582 1880 quaedam
1635 1832 1789 1863 sanae

278 1885 540 1930 doctrinae
609 1884 950 1940 adversantia,
1009 1900 1141 1947 quae
1200 1883 1462 1931 salvatoris
1523 1883 1789 1948 evangelio

344 2050 361 2068 ‘²
392 2043 498 2084 This
513 2046 547 2084 is
561 2044 698 2093 John,
712 2044 872 2097 bishop
886 2046 936 2085 of
945 2045 1193 2085 Jerusalem
1208 2046 1325 2086 from
1341 2049 1423 2087 386
1437 2050 1483 2086 to
1495 2048 1593 2087 417.
1644 2046 1789 2088 XVhen

286 2098 492 2151 Pelagius
519 2099 609 2139 and
639 2099 881 2140 Coelestius
908 2100 1097 2140 reached
1127 2099 1347 2141 Palestine
1374 2102 1418 2140 in
1446 2104 1544 2149 415,
1573 2101 1695 2141 John
1723 2115 1789 2141 re-

282 2154 413 2194 fused
431 2158 476 2194 to
495 2158 649 2205 accept
666 2154 740 2194 the
758 2154 934 2195 decrees
952 2156 1002 2194 of
1014 2155 1088 2195 the
1107 2154 1292 2195 Council
1309 2156 1359 2195 of
1372 2154 1595 2208 Carthage
1612 2157 1790 2208 against

283 2208 404 2248 them
429 2208 518 2248 and
544 2208 645 2248 held
670 2209 737 2249 his
762 2222 861 2248 own
885 2209 1028 2261 synod
1053 2210 1098 2249 in
1122 2213 1220 2250 415.
1277 2209 1329 2249 In
1353 2213 1436 2250 416
1461 2210 1536 2250 the
1561 2209 1716 2262 Synod
1741 2211 1793 2251 of

287 2262 510 2315 Diospolis
537 2276 651 2314 gave
679 2277 705 2302 a
733 2263 928 2303 decision
955 2263 1215 2304 favourable
1242 2268 1288 2304 to
1319 2264 1540 2317 Pelagius,
1568 2265 1650 2306 but
1678 2265 1788 2305 later

284 2318 372 2357 this
412 2331 500 2357 was
539 2317 754 2358 reversed.
827 2318 1073 2358 Meantime
1112 2319 1365 2370 Augustine
1402 2321 1546 2360 writes
1585 2321 1787 2372 warning

284 2372 405 2412 John
431 2376 476 2412 to
501 2371 674 2412 beware
699 2373 750 2412 of
768 2371 1007 2425 tolerating
1031 2372 1120 2413 and
1145 2375 1450 2426 encouraging
1473 2373 1548 2414 the
1575 2373 1786 2426 Pelagian

285 2426 455 2518 Ιζετεεγ.
516 2426 601 2466 For
626 2427 916 2479 Augustine's
941 2427 1097 2467 earlier
1121 2427 1330 2468 relations
1352 2429 1456 2468 with
1483 2427 1689 2481 Pelagius
1714 2442 1785 2469 see

287 2480 372 2520 sssso·
396 2483 464 2520 36.

346 2534 361 2558 ⁶
394 2535 535 2575 These
565 2548 719 2587 young
749 2549 850 2576 men
875 2549 987 2576 were
1012 2535 1234 2576 Timasius
1261 2535 1349 2577 and
1375 2536 1588 2585 Jacobus‚
1613 2537 1713 2578 who
1739 2538 1783 2577 in

285 2592 368 2629 415
385 2594 482 2630 sent
503 2590 755 2642 Augustine
771 2603 798 2630 a
813 2603 928 2642 copy
945 2591 995 2630 of
1014 2590 1257 2643 Pelagius's
1279 2591 1344 2631 De
1359 2590 1553 2639 Natura,
1569 2596 1615 2632 to
1636 2592 1783 2633 which

290 2653 387 2701 306
