1850 2964
736 202 828 249 ST.
866 201 1276 249 AUGUSTINE

255 335 336 382 vel
387 341 602 399 argento
653 333 736 381 vel
786 350 1110 398 quacumque
1161 337 1397 396 pecunia,
1446 335 1599 382 rebus
1651 334 1763 395 ullis

255 414 471 458 terrenis
525 413 645 466 tuis,
704 413 812 457 sine
867 411 1075 456 arbitrio
1135 413 1242 456 eius
1299 408 1470 456 facere
1522 411 1764 466 debuisti,

256 503 321 533 ne
363 486 730 533 scandalizares
778 485 1038 532 hominem
1081 488 1167 548 qui
1215 485 1312 532 deo
1353 493 1527 532 tecum
1573 490 1793 533 maiora'

256 569 466 609 voverat
503 569 557 608 et
586 563 649 608 ab
680 578 740 608 eo
777 562 915 624 quod
943 562 1007 608 de
1035 568 1128 607 tua
1155 578 1306 608 carne
1333 561 1475 608 licita
1500 569 1764 624 potestate

255 645 430 701 posset
454 641 680 701 exigere,
704 654 758 684 se
783 640 1107 683 continenter
1131 638 1466 683 abstinuerat.

209 721 232 758 5
323 713 562 776 Denique
612 710 808 759 factum
869 718 948 758 est
993 719 1052 758 ut
1097 711 1354 758 vinculum
1399 715 1766 769 continentiae,

258 806 358 852 quo
389 805 443 835 se
475 788 690 836 dilectus
720 791 1046 843 innexuerat,
1077 795 1404 851 contemptus
1436 789 1767 852 abrumperet

259 872 312 911 et
351 867 511 911 iratus
551 865 647 911 tibi
687 881 790 910 non
827 870 1064 926 parceret
1105 865 1214 910 sibi.
1284 863 1425 911 Sicut
1467 867 1603 910 enim
1642 863 1766 911 mihi

256 940 461 987 rettulit
515 939 741 1003 perlator
794 939 1045 1003 epistulae
1093 947 1235 996 tuae,
1283 957 1399 987 cum
1446 943 1767 1004 cognovisset

260 1017 397 1080 quod
428 1019 598 1062 omnia
628 1014 710 1062 vel
739 1032 906 1078 paene
943 1018 1114 1062 omnia
1156 1032 1289 1079 quae
1319 1015 1566 1072 habebas,
1597 1019 1766 1064 nescio

259 1094 442 1156 quibus
497 1092 695 1139 duobus
748 1093 1134 1139 transeuntibus
1187 1091 1447 1139 monachis
1499 1099 1768 1156 tamquam

258 1169 568 1232 pauperibus
606 1168 866 1232 eroganda
901 1168 1185 1224 donaveris,
1221 1175 1345 1215 tunc
1379 1167 1464 1215 ille
1501 1169 1766 1216 detestans

260 1261 345 1292 eos
392 1252 566 1291 tecum
613 1251 668 1291 et
712 1261 815 1290 non
860 1244 944 1291 dei
990 1261 1159 1291 servos
1206 1245 1298 1291 sed
1343 1245 1522 1291 domus
1570 1244 1766 1292 alienae

258 1328 615 1384 penetratores
655 1327 709 1367 et
744 1327 860 1367 tuos
899 1323 1241 1383 captivatores
1279 1327 1333 1367 et
1369 1321 1767 1384 depraedatores

258 1404 464 1460 putans,
488 1403 598 1443 tam
623 1403 854 1443 sanctam
879 1399 1127 1442 sarcinam
1147 1413 1301 1460 quam
1325 1403 1500 1443 tecum
1524 1398 1769 1454 subierat,

258 1474 555 1537 indignatus
589 1473 791 1519 abiecit.
862 1472 1098 1519 Infirmus
1129 1475 1266 1518 enim
1296 1480 1408 1520 erat
1438 1480 1492 1520 et
1515 1474 1632 1521 ideo
1656 1475 1769 1530 tibi,

262 1566 394 1614 quae
415 1552 468 1595 in
488 1551 745 1596 communi
764 1552 1024 1611 proposito
1045 1547 1223 1595 fortior
1243 1549 1514 1606 videbaris,
1534 1567 1637 1596 non
1658 1558 1770 1598 erat

260 1628 678 1689 praesumptione
714 1624 998 1671 turbandus
1036 1625 1127 1671 sed
1162 1624 1435 1672 dilectione
1470 1627 1770 1689 portandus,

263 1704 399 1765 quia,
434 1703 635 1748 etiamsi
671 1700 736 1747 ad
767 1703 901 1763 ipsas
937 1700 1255 1764 elemosynas
1287 1700 1477 1765 largius
1510 1700 1769 1750 faciendas

262 1776 396 1825 forte
434 1780 626 1841 pigrius
664 1778 984 1832 movebatur,
1021 1784 1196 1839 posset
1235 1784 1289 1824 et
1324 1780 1424 1824 ista
1460 1779 1770 1835 condiscere,

264 1857 304 1900 si
348 1856 450 1901 tuis
496 1855 770 1916 inopinatis
816 1870 919 1899 non
963 1851 1202 1900 feriretur
1248 1856 1503 1916 expensis,
1547 1855 1639 1902 sed
1685 1871 1771 1902 ex-

263 1932 483 1993 pectatis
522 1932 827 1975 invitaretur
867 1930 1140 1992 obsequiiS,
1181 1935 1239 1975 ut
1287 1932 1445 1976 etiam
1491 1929 1586 1977 hoc
1633 1931 1770 1994 quod

327 2041 345 2059 ⁰
377 2036 519 2076 These
562 2049 675 2076 were
718 2034 943 2087 probably
987 2035 1246 2088 wandering
1291 2035 1469 2084 monks,
1513 2037 1614 2078 who
1658 2051 1771 2078 were

271 2103 509 2131 numerous
555 2091 599 2130 in
644 2089 827 2136 Africa;
890 2090 1141 2142 Augustine
1185 2090 1405 2132 describes
1448 2091 1571 2132 them
1615 2092 1660 2132 in
1704 2091 1770 2133 De

273 2145 410 2197 Opere
444 2144 759 2185 Monachorum
787 2147 856 2185 28.
897 2147 976 2185 36:
1018 2145 1153 2184 “tam
1193 2144 1354 2186 multos
1393 2145 1648 2198 hypocritas
1685 2145 1769 2187 sub

270 2200 426 2240 habitu
484 2199 805 2239 monachorum
862 2212 1185 2251 usquequaque
1241 2199 1446 2251 dispersit
1513 2199 1768 2252 [diabolus],

270 2256 591 2295 circumeuntes
625 2254 888 2305 provincias,
924 2266 1148 2305 nusquam
1182 2255 1352 2301 missos,
1387 2267 1612 2306 nusquam
1643 2254 1768 2302 fixos,

271 2322 496 2360 nusquam
522 2312 703 2355 stantes,
732 2320 955 2359 nusquam
983 2307 1197 2349 sedentes.
1259 2307 1350 2348 Alii
1377 2309 1578 2349 membra
1604 2313 1771 2362 marty-

271 2377 385 2410 rum,
415 2365 451 2403 si
477 2366 629 2403 tamen
659 2366 922 2413 martyrum,
951 2361 1212 2408 venditant;
1258 2362 1333 2402 alii
1360 2362 1559 2404 fimbrias
1587 2366 1631 2404 et
1657 2363 1770 2416 phy-

270 2417 451 2458 lacteria
484 2430 565 2457 sua
599 2416 917 2468 magnificant;
967 2415 1043 2456 alii
1075 2420 1281 2468 parentes
1312 2416 1382 2457 vel
1414 2419 1769 2470 consanguineos

272 2484 374 2512 suos
406 2473 450 2511 in
481 2471 558 2511 illa
586 2470 656 2511 vel
686 2473 730 2511 in
761 2470 838 2511 illa
869 2472 1048 2523 regione
1077 2483 1124 2511 se
1153 2470 1330 2512 audisse
1358 2472 1504 2512 vivere
1533 2475 1578 2512 et
1606 2471 1665 2512 ad
1694 2485 1770 2513 eos

271 2539 455 2578 pergere
501 2526 803 2572 mentiuntur;
866 2529 910 2566 et
955 2538 1108 2565 omnes
1153 2529 1325 2578 petunt,
1372 2538 1526 2566 omnes
1570 2527 1769 2578 exigunt,

273 2584 352 2620 aut
394 2583 597 2633 sumptus
641 2583 868 2633 egestosae
911 2581 1134 2633 egestatiS,
1178 2583 1257 2622 aut
1298 2579 1535 2622 simulatae
1576 2581 1769 2634 pretium

276 2643 372 2691 506
