<?xml version="1.0" encoding="UTF-8"?>
<!DOCTYPE html PUBLIC "-//W3C//DTD XHTML 1.0 Transitional//EN"
    "http://www.w3.org/TR/xhtml1/DTD/xhtml1-transitional.dtd">
<html xmlns="http://www.w3.org/1999/xhtml" xml:lang="en" lang="en">
 <head>
  <title>
</title>
<meta http-equiv="Content-Type" content="text/html;charset=utf-8" />
  <meta name='ocr-system' content='tesseract 3.04.00' />
  <meta name='ocr-capabilities' content='ocr_page ocr_carea ocr_par ocr_line ocrx_word'/>
</head>
<body>
  <div class='ocr_page' id='page_1' title='image "./selectletters00auguuoft_0294.png"; bbox 0 0 1866 2964; ppageno 0'>
   <div class='ocr_carea' id='block_1_1' title="bbox 707 127 1244 176">
    <p class='ocr_par' dir='ltr' id='par_1_1' title="bbox 707 127 1244 176">
     <span class='ocr_line' id='line_1_1' title="bbox 707 127 1244 176; baseline -0.006 0"><span class='ocrx_word' id='word_1_1' title='bbox 707 129 798 176; x_wconf 84' lang='lat' dir='ltr'>ST.</span> <span class='ocrx_word' id='word_1_2' title='bbox 836 127 1244 175; x_wconf 80' lang='lat' dir='ltr'>AUGUSTINE</span> 
     </span>
    </p>
   </div>
   <div class='ocr_carea' id='block_1_2' title="bbox 164 259 1728 2112">
    <p class='ocr_par' dir='ltr' id='par_1_2' title="bbox 218 259 1728 753">
     <span class='ocr_line' id='line_1_2' title="bbox 221 259 1727 323; baseline -0.004 -13"><span class='ocrx_word' id='word_1_3' title='bbox 221 267 560 310; x_wconf 76' lang='lat' dir='ltr'>recitarentur</span> <span class='ocrx_word' id='word_1_4' title='bbox 587 269 639 308; x_wconf 90' lang='lat' dir='ltr'>et</span> <span class='ocrx_word' id='word_1_5' title='bbox 665 265 835 308; x_wconf 90' lang='lat' dir='ltr'>omnia</span> <span class='ocrx_word' id='word_1_6' title='bbox 867 260 1195 323; x_wconf 78' lang='lat' dir='ltr'>placuissent,</span> <span class='ocrx_word' id='word_1_7' title='bbox 1231 259 1319 306; x_wconf 93' lang='lat' dir='ltr'>ubi</span> <span class='ocrx_word' id='word_1_8' title='bbox 1350 275 1539 305; x_wconf 89' lang='lat' dir='ltr'>nomen</span> <span class='ocrx_word' id='word_1_9' title='bbox 1570 261 1727 305; x_wconf 90' lang='lat' dir='ltr'>inter-</span> 
     </span>
     <span class='ocr_line' id='line_1_3' title="bbox 219 329 1727 397; baseline -0.004 -17"><span class='ocrx_word' id='word_1_10' title='bbox 219 337 418 397; x_wconf 83' lang='lat' dir='ltr'>positae</span> <span class='ocrx_word' id='word_1_11' title='bbox 435 336 754 380; x_wconf 85' lang='lat' dir='ltr'>necessitatis</span> <span class='ocrx_word' id='word_1_12' title='bbox 774 335 1016 387; x_wconf 87' lang='lat' dir='ltr'>insonuit,</span> <span class='ocrx_word' id='word_1_13' title='bbox 1033 334 1273 377; x_wconf 90' lang='lat' dir='ltr'>continuo</span> <span class='ocrx_word' id='word_1_14' title='bbox 1292 329 1628 376; x_wconf 83' lang='lat' dir='ltr'>reclamatum</span> <span class='ocrx_word' id='word_1_15' title='bbox 1648 336 1727 375; x_wconf 89' lang='lat' dir='ltr'>est</span> 
     </span>
     <span class='ocr_line' id='line_1_4' title="bbox 219 399 1728 468; baseline -0.003 -17"><span class='ocrx_word' id='word_1_16' title='bbox 219 408 586 468; x_wconf 88' lang='lat' dir='ltr'>promissioque</span> <span class='ocrx_word' id='word_1_17' title='bbox 603 403 875 466; x_wconf 86' lang='lat' dir='ltr'>displicuit,</span> <span class='ocrx_word' id='word_1_18' title='bbox 888 402 1116 450; x_wconf 85' lang='lat' dir='ltr'>tumultu</span> <span class='ocrx_word' id='word_1_19' title='bbox 1132 402 1525 448; x_wconf 86' lang='lat' dir='ltr'>recrudescente</span> <span class='ocrx_word' id='word_1_20' title='bbox 1539 407 1593 447; x_wconf 88' lang='lat' dir='ltr'>et</span> <span class='ocrx_word' id='word_1_21' title='bbox 1603 399 1728 446; x_wconf 89' lang='lat' dir='ltr'>nihil</span> 
     </span>
     <span class='ocr_line' id='line_1_5' title="bbox 221 472 1725 539; baseline -0.003 -17"><span class='ocrx_word' id='word_1_22' title='bbox 221 476 357 523; x_wconf 91' lang='lat' dir='ltr'>aliud</span> <span class='ocrx_word' id='word_1_23' title='bbox 400 493 553 539; x_wconf 91' lang='lat' dir='ltr'>quam</span> <span class='ocrx_word' id='word_1_24' title='bbox 589 474 769 522; x_wconf 91' lang='lat' dir='ltr'>fraude</span> <span class='ocrx_word' id='word_1_25' title='bbox 816 491 989 521; x_wconf 91' lang='lat' dir='ltr'>secum</span> <span class='ocrx_word' id='word_1_26' title='bbox 1032 477 1114 537; x_wconf 84' lang='lat' dir='ltr'>agi</span> <span class='ocrx_word' id='word_1_27' title='bbox 1150 472 1338 536; x_wconf 89' lang='lat' dir='ltr'>populo</span> <span class='ocrx_word' id='word_1_28' title='bbox 1379 474 1725 519; x_wconf 84' lang='lat' dir='ltr'>existimante.</span> 
     </span>
     <span class='ocr_line' id='line_1_6' title="bbox 221 543 1727 606; baseline -0.004 -11"><span class='ocrx_word' id='word_1_29' title='bbox 221 547 371 606; x_wconf 80' lang='lat' dir='ltr'>Quod</span> <span class='ocrx_word' id='word_1_30' title='bbox 408 564 523 594; x_wconf 90' lang='lat' dir='ltr'>cum</span> <span class='ocrx_word' id='word_1_31' title='bbox 559 554 764 593; x_wconf 92' lang='lat' dir='ltr'>sanctus</span> <span class='ocrx_word' id='word_1_32' title='bbox 802 546 931 592; x_wconf 87' lang='lat' dir='ltr'>filius</span> <span class='ocrx_word' id='word_1_33' title='bbox 968 552 1143 591; x_wconf 89' lang='lat' dir='ltr'>noster</span> <span class='ocrx_word' id='word_1_34' title='bbox 1175 545 1403 600; x_wconf 91' lang='lat' dir='ltr'>vidisset,</span> <span class='ocrx_word' id='word_1_35' title='bbox 1431 546 1579 590; x_wconf 89' lang='lat' dir='ltr'>iussit</span> <span class='ocrx_word' id='word_1_36' title='bbox 1607 543 1727 589; x_wconf 92' lang='lat' dir='ltr'>inde</span> 
     </span>
     <span class='ocr_line' id='line_1_7' title="bbox 221 614 1728 679; baseline -0.003 -14"><span class='ocrx_word' id='word_1_37' title='bbox 221 617 407 665; x_wconf 86' lang='lat' dir='ltr'>auferri</span> <span class='ocrx_word' id='word_1_38' title='bbox 448 636 636 665; x_wconf 90' lang='lat' dir='ltr'>nomen</span> <span class='ocrx_word' id='word_1_39' title='bbox 671 620 992 664; x_wconf 90' lang='lat' dir='ltr'>necessitatis</span> <span class='ocrx_word' id='word_1_40' title='bbox 1029 632 1331 679; x_wconf 89' lang='lat' dir='ltr'>rursumque</span> <span class='ocrx_word' id='word_1_41' title='bbox 1369 615 1434 662; x_wconf 89' lang='lat' dir='ltr'>ad</span> <span class='ocrx_word' id='word_1_42' title='bbox 1473 614 1728 661; x_wconf 86' lang='lat' dir='ltr'>laetitiam</span> 
     </span>
     <span class='ocr_line' id='line_1_8' title="bbox 218 690 722 753; baseline -0.004 -16"><span class='ocrx_word' id='word_1_43' title='bbox 218 690 433 753; x_wconf 88' lang='lat' dir='ltr'>populus</span> <span class='ocrx_word' id='word_1_44' title='bbox 459 693 722 737; x_wconf 89' lang='lat' dir='ltr'>remeavit.</span> 
     </span>
    </p>

    <p class='ocr_par' dir='ltr' id='par_1_3' title="bbox 169 756 1728 1896">
     <span class='ocr_line' id='line_1_9' title="bbox 169 756 1728 820; baseline -0.003 -13"><span class='ocrx_word' id='word_1_45' title='bbox 169 769 194 806; x_wconf 86' lang='lat'>5</span> <span class='ocrx_word' id='word_1_46' title='bbox 282 762 352 808; x_wconf 89' lang='lat' dir='ltr'>Et</span> <span class='ocrx_word' id='word_1_47' title='bbox 380 769 437 808; x_wconf 93' lang='lat' dir='ltr'>ut</span> <span class='ocrx_word' id='word_1_48' title='bbox 465 761 819 809; x_wconf 76' lang='lat' dir='ltr'>lassitudinem</span> <span class='ocrx_word' id='word_1_49' title='bbox 845 776 1152 815; x_wconf 84' lang='lat' dir='ltr'>recusarem,</span> <span class='ocrx_word' id='word_1_50' title='bbox 1181 762 1289 806; x_wconf 92' lang='lat' dir='ltr'>sine</span> <span class='ocrx_word' id='word_1_51' title='bbox 1316 775 1400 805; x_wconf 90' lang='lat' dir='ltr'>me</span> <span class='ocrx_word' id='word_1_52' title='bbox 1430 758 1495 805; x_wconf 91' lang='lat' dir='ltr'>ad</span> <span class='ocrx_word' id='word_1_53' title='bbox 1521 756 1728 820; x_wconf 90' lang='lat' dir='ltr'>plebem</span> 
     </span>
     <span class='ocr_line' id='line_1_10' title="bbox 219 830 1727 892; baseline -0.002 -14"><span class='ocrx_word' id='word_1_54' title='bbox 219 833 461 880; x_wconf 89' lang='lat' dir='ltr'>accedere</span> <span class='ocrx_word' id='word_1_55' title='bbox 498 833 695 889; x_wconf 82' lang='lat' dir='ltr'>noluit3</span> <span class='ocrx_word' id='word_1_56' title='bbox 744 831 893 879; x_wconf 91' lang='lat' dir='ltr'>simul</span> <span class='ocrx_word' id='word_1_57' title='bbox 924 834 1241 878; x_wconf 89' lang='lat' dir='ltr'>accessimus.</span> <span class='ocrx_word' id='word_1_58' title='bbox 1312 830 1460 876; x_wconf 86' lang='lat' dir='ltr'>Dixit</span> <span class='ocrx_word' id='word_1_59' title='bbox 1497 846 1558 876; x_wconf 91' lang='lat' dir='ltr'>ea</span> <span class='ocrx_word' id='word_1_60' title='bbox 1594 845 1727 892; x_wconf 90' lang='lat' dir='ltr'>quae</span> 
     </span>
     <span class='ocr_line' id='line_1_11' title="bbox 220 903 1725 963; baseline -0.003 -13"><span class='ocrx_word' id='word_1_61' title='bbox 220 921 247 950; x_wconf 93' lang='lat' dir='ltr'>a</span> <span class='ocrx_word' id='word_1_62' title='bbox 270 905 481 952; x_wconf 73' lang='lat' dir='ltr'>diacono</span> <span class='ocrx_word' id='word_1_63' title='bbox 504 906 679 952; x_wconf 86' lang='lat' dir='ltr'>audita</span> <span class='ocrx_word' id='word_1_64' title='bbox 702 911 866 959; x_wconf 90' lang='lat' dir='ltr'>erant,</span> <span class='ocrx_word' id='word_1_65' title='bbox 883 920 937 949; x_wconf 91' lang='lat' dir='ltr'>se</span> <span class='ocrx_word' id='word_1_66' title='bbox 958 903 1246 958; x_wconf 89' lang='lat' dir='ltr'>mandasse,</span> <span class='ocrx_word' id='word_1_67' title='bbox 1263 918 1317 948; x_wconf 88' lang='lat' dir='ltr'>se</span> <span class='ocrx_word' id='word_1_68' title='bbox 1333 904 1541 956; x_wconf 89' lang='lat' dir='ltr'>iurasse,</span> <span class='ocrx_word' id='word_1_69' title='bbox 1561 916 1725 963; x_wconf 89' lang='lat' dir='ltr'>eaque</span> 
     </span>
     <span class='ocr_line' id='line_1_12' title="bbox 217 976 1726 1038; baseline -0.004 -15"><span class='ocrx_word' id='word_1_70' title='bbox 217 993 270 1022; x_wconf 91' lang='lat' dir='ltr'>se</span> <span class='ocrx_word' id='word_1_71' title='bbox 303 993 412 1022; x_wconf 88' lang='lat' dir='ltr'>esse</span> <span class='ocrx_word' id='word_1_72' title='bbox 442 976 714 1032; x_wconf 86' lang='lat' dir='ltr'>facturum,</span> <span class='ocrx_word' id='word_1_73' title='bbox 746 978 1091 1038; x_wconf 87' lang='lat' dir='ltr'>continuoque</span> <span class='ocrx_word' id='word_1_74' title='bbox 1123 976 1293 1021; x_wconf 85' lang='lat' dir='ltr'>omnia</span> <span class='ocrx_word' id='word_1_75' title='bbox 1323 990 1384 1020; x_wconf 89' lang='lat' dir='ltr'>eo</span> <span class='ocrx_word' id='word_1_76' title='bbox 1414 980 1594 1020; x_wconf 88' lang='lat' dir='ltr'>tenore</span> <span class='ocrx_word' id='word_1_77' title='bbox 1625 988 1726 1034; x_wconf 92' lang='lat' dir='ltr'>quo</span> 
     </span>
     <span class='ocr_line' id='line_1_13' title="bbox 216 1042 1725 1111; baseline -0.004 -17"><span class='ocrx_word' id='word_1_78' title='bbox 216 1048 518 1105; x_wconf 80' lang='lat' dir='ltr'>dictaverat,</span> <span class='ocrx_word' id='word_1_79' title='bbox 546 1054 845 1111; x_wconf 89' lang='lat' dir='ltr'>prosecutus</span> <span class='ocrx_word' id='word_1_80' title='bbox 877 1053 970 1093; x_wconf 91' lang='lat' dir='ltr'>est.</span> <span class='ocrx_word' id='word_1_81' title='bbox 1041 1046 1360 1108; x_wconf 88' lang='lat' dir='ltr'>Responsum</span> <span class='ocrx_word' id='word_1_82' title='bbox 1395 1052 1508 1092; x_wconf 88' lang='lat' dir='ltr'>est:</span> <span class='ocrx_word' id='word_1_83' title='bbox 1557 1042 1584 1059; x_wconf 92' lang='lat'><strong>“</strong></span> <span class='ocrx_word' id='word_1_84' title='bbox 1611 1043 1725 1090; x_wconf 92' lang='lat' dir='ltr'>Deo</span> 
     </span>
     <span class='ocr_line' id='line_1_14' title="bbox 218 1116 1724 1183; baseline -0.003 -18"><span class='ocrx_word' id='word_1_85' title='bbox 218 1118 463 1183; x_wconf 88' lang='lat' dir='ltr'>gratias‚”</span> <span class='ocrx_word' id='word_1_86' title='bbox 498 1127 551 1167; x_wconf 91' lang='lat' dir='ltr'>et</span> <span class='ocrx_word' id='word_1_87' title='bbox 579 1122 803 1183; x_wconf 90' lang='lat' dir='ltr'>petitum</span> <span class='ocrx_word' id='word_1_88' title='bbox 830 1126 887 1165; x_wconf 88' lang='lat' dir='ltr'>ut</span> <span class='ocrx_word' id='word_1_89' title='bbox 920 1125 1090 1165; x_wconf 88' lang='lat' dir='ltr'>totum</span> <span class='ocrx_word' id='word_1_90' title='bbox 1116 1121 1360 1180; x_wconf 88' lang='lat' dir='ltr'>scriptum</span> <span class='ocrx_word' id='word_1_91' title='bbox 1386 1116 1724 1164; x_wconf 87' lang='lat' dir='ltr'>subscribere-</span> 
     </span>
     <span class='ocr_line' id='line_1_15' title="bbox 215 1189 1724 1252; baseline -0.003 -15"><span class='ocrx_word' id='word_1_92' title='bbox 215 1198 313 1237; x_wconf 89' lang='lat' dir='ltr'>tur.</span> <span class='ocrx_word' id='word_1_93' title='bbox 384 1191 680 1237; x_wconf 89' lang='lat' dir='ltr'>Dimisimus</span> <span class='ocrx_word' id='word_1_94' title='bbox 700 1189 1094 1237; x_wconf 90' lang='lat' dir='ltr'>catechumenos</span> <span class='ocrx_word' id='word_1_95' title='bbox 1115 1192 1458 1252; x_wconf 89' lang='lat' dir='ltr'>continuoque</span> <span class='ocrx_word' id='word_1_96' title='bbox 1477 1190 1724 1249; x_wconf 90' lang='lat' dir='ltr'>scriptum</span> 
     </span>
     <span class='ocr_line' id='line_1_16' title="bbox 216 1262 1726 1325; baseline -0.003 -16"><span class='ocrx_word' id='word_1_97' title='bbox 216 1263 525 1325; x_wconf 89' lang='lat' dir='ltr'>subscripsit.</span> <span class='ocrx_word' id='word_1_98' title='bbox 595 1262 798 1309; x_wconf 91' lang='lat' dir='ltr'>Deinde</span> <span class='ocrx_word' id='word_1_99' title='bbox 823 1265 933 1324; x_wconf 88' lang='lat' dir='ltr'>peti</span> <span class='ocrx_word' id='word_1_100' title='bbox 958 1265 1216 1324; x_wconf 88' lang='lat' dir='ltr'>coepimus</span> <span class='ocrx_word' id='word_1_101' title='bbox 1241 1277 1332 1306; x_wconf 89' lang='lat' dir='ltr'>nos</span> <span class='ocrx_word' id='word_1_102' title='bbox 1359 1262 1597 1322; x_wconf 86' lang='lat' dir='ltr'>episcopi,</span> <span class='ocrx_word' id='word_1_103' title='bbox 1623 1274 1726 1305; x_wconf 92' lang='lat' dir='ltr'>non</span> 
     </span>
     <span class='ocr_line' id='line_1_17' title="bbox 215 1329 1723 1397; baseline -0.001 -18"><span class='ocrx_word' id='word_1_104' title='bbox 215 1335 420 1381; x_wconf 80' lang='lat' dir='ltr'>vocibus</span> <span class='ocrx_word' id='word_1_105' title='bbox 464 1333 639 1397; x_wconf 92' lang='lat' dir='ltr'>populi</span> <span class='ocrx_word' id='word_1_106' title='bbox 683 1334 774 1381; x_wconf 93' lang='lat' dir='ltr'>sed</span> <span class='ocrx_word' id='word_1_107' title='bbox 818 1340 996 1379; x_wconf 88' lang='lat' dir='ltr'>tamen</span> <span class='ocrx_word' id='word_1_108' title='bbox 1041 1350 1070 1379; x_wconf 89' lang='lat' dir='ltr'>a</span> <span class='ocrx_word' id='word_1_109' title='bbox 1113 1332 1302 1395; x_wconf 92' lang='lat' dir='ltr'>populo</span> <span class='ocrx_word' id='word_1_110' title='bbox 1345 1348 1438 1395; x_wconf 91' lang='lat' dir='ltr'>per</span> <span class='ocrx_word' id='word_1_111' title='bbox 1481 1329 1723 1378; x_wconf 89' lang='lat' dir='ltr'>honestos</span> 
     </span>
     <span class='ocr_line' id='line_1_18' title="bbox 216 1403 1723 1469; baseline -0.002 -18"><span class='ocrx_word' id='word_1_112' title='bbox 216 1405 408 1461; x_wconf 81' lang='lat' dir='ltr'>fideleS,</span> <span class='ocrx_word' id='word_1_113' title='bbox 433 1413 491 1452; x_wconf 93' lang='lat' dir='ltr'>ut</span> <span class='ocrx_word' id='word_1_114' title='bbox 514 1423 604 1453; x_wconf 89' lang='lat' dir='ltr'>nos</span> <span class='ocrx_word' id='word_1_115' title='bbox 629 1422 832 1469; x_wconf 91' lang='lat' dir='ltr'>quoque</span> <span class='ocrx_word' id='word_1_116' title='bbox 857 1404 1303 1451; x_wconf 89' lang='lat' dir='ltr'>subscriberemus.</span> <span class='ocrx_word' id='word_1_117' title='bbox 1373 1403 1446 1450; x_wconf 91' lang='lat' dir='ltr'>At</span> <span class='ocrx_word' id='word_1_118' title='bbox 1469 1403 1556 1449; x_wconf 92' lang='lat' dir='ltr'>ubi</span> <span class='ocrx_word' id='word_1_119' title='bbox 1579 1405 1723 1465; x_wconf 90' lang='lat' dir='ltr'>coepi</span> 
     </span>
     <span class='ocr_line' id='line_1_19' title="bbox 213 1474 1720 1533; baseline -0.001 -10"><span class='ocrx_word' id='word_1_120' title='bbox 213 1477 547 1533; x_wconf 85' lang='lat' dir='ltr'>subscribere,</span> <span class='ocrx_word' id='word_1_121' title='bbox 597 1484 774 1523; x_wconf 90' lang='lat' dir='ltr'>sancta</span> <span class='ocrx_word' id='word_1_122' title='bbox 825 1475 1053 1522; x_wconf 88' lang='lat' dir='ltr'>Melania</span> <span class='ocrx_word' id='word_1_123' title='bbox 1102 1475 1427 1522; x_wconf 85' lang='lat' dir='ltr'>contradixit.</span> <span class='ocrx_word' id='word_1_124' title='bbox 1499 1474 1720 1521; x_wconf 88' lang='lat' dir='ltr'>Miratus</span> 
     </span>
     <span class='ocr_line' id='line_1_20' title="bbox 213 1546 1718 1612; baseline 0 -18"><span class='ocrx_word' id='word_1_125' title='bbox 213 1565 324 1594; x_wconf 91' lang='lat' dir='ltr'>sum</span> <span class='ocrx_word' id='word_1_126' title='bbox 373 1566 531 1612; x_wconf 92' lang='lat' dir='ltr'>quare</span> <span class='ocrx_word' id='word_1_127' title='bbox 572 1556 680 1595; x_wconf 90' lang='lat' dir='ltr'>tam</span> <span class='ocrx_word' id='word_1_128' title='bbox 719 1565 848 1603; x_wconf 93' lang='lat' dir='ltr'>sero,</span> <span class='ocrx_word' id='word_1_129' title='bbox 887 1550 1029 1610; x_wconf 90' lang='lat' dir='ltr'>quasi</span> <span class='ocrx_word' id='word_1_130' title='bbox 1066 1550 1451 1610; x_wconf 88' lang='lat' dir='ltr'>promissionem</span> <span class='ocrx_word' id='word_1_131' title='bbox 1487 1546 1625 1593; x_wconf 91' lang='lat' dir='ltr'>illam</span> <span class='ocrx_word' id='word_1_132' title='bbox 1663 1553 1718 1594; x_wconf 78' lang='lat' dir='ltr'>et</span> 
     </span>
     <span class='ocr_line' id='line_1_21' title="bbox 212 1617 1722 1681; baseline 0 -16"><span class='ocrx_word' id='word_1_133' title='bbox 212 1623 517 1667; x_wconf 88' lang='lat' dir='ltr'>iurationem</span> <span class='ocrx_word' id='word_1_134' title='bbox 559 1637 648 1666; x_wconf 89' lang='lat' dir='ltr'>nos</span> <span class='ocrx_word' id='word_1_135' title='bbox 691 1636 793 1666; x_wconf 91' lang='lat' dir='ltr'>non</span> <span class='ocrx_word' id='word_1_136' title='bbox 835 1619 1196 1666; x_wconf 87' lang='lat' dir='ltr'>subscribendo</span> <span class='ocrx_word' id='word_1_137' title='bbox 1239 1617 1408 1666; x_wconf 89' lang='lat' dir='ltr'>facere</span> <span class='ocrx_word' id='word_1_138' title='bbox 1458 1634 1722 1681; x_wconf 91' lang='lat' dir='ltr'>possemus</span> 
     </span>
     <span class='ocr_line' id='line_1_22' title="bbox 211 1691 1722 1754; baseline 0.001 -17"><span class='ocrx_word' id='word_1_139' title='bbox 211 1691 489 1747; x_wconf 82' lang='lat' dir='ltr'>infectam3</span> <span class='ocrx_word' id='word_1_140' title='bbox 530 1692 620 1739; x_wconf 90' lang='lat' dir='ltr'>sed</span> <span class='ocrx_word' id='word_1_141' title='bbox 655 1699 832 1738; x_wconf 88' lang='lat' dir='ltr'>tamen</span> <span class='ocrx_word' id='word_1_142' title='bbox 871 1691 1240 1754; x_wconf 85' lang='lat' dir='ltr'>obtemperavi,</span> <span class='ocrx_word' id='word_1_143' title='bbox 1281 1708 1338 1737; x_wconf 92' lang='lat' dir='ltr'>ac</span> <span class='ocrx_word' id='word_1_144' title='bbox 1373 1694 1442 1737; x_wconf 90' lang='lat' dir='ltr'>sic</span> <span class='ocrx_word' id='word_1_145' title='bbox 1476 1693 1722 1738; x_wconf 81' lang='lat' dir='ltr'>remansit</span> 
     </span>
     <span class='ocr_line' id='line_1_23' title="bbox 211 1762 1720 1826; baseline -0.001 -16"><span class='ocrx_word' id='word_1_146' title='bbox 211 1780 327 1810; x_wconf 91' lang='lat' dir='ltr'>mea</span> <span class='ocrx_word' id='word_1_147' title='bbox 352 1781 453 1810; x_wconf 89' lang='lat' dir='ltr'>non</span> <span class='ocrx_word' id='word_1_148' title='bbox 485 1764 636 1826; x_wconf 88' lang='lat' dir='ltr'>plena</span> <span class='ocrx_word' id='word_1_149' title='bbox 662 1763 962 1824; x_wconf 88' lang='lat' dir='ltr'>subscriptio</span> <span class='ocrx_word' id='word_1_150' title='bbox 988 1779 1082 1809; x_wconf 89' lang='lat' dir='ltr'>nec</span> <span class='ocrx_word' id='word_1_151' title='bbox 1108 1762 1240 1809; x_wconf 90' lang='lat' dir='ltr'>ultra</span> <span class='ocrx_word' id='word_1_152' title='bbox 1265 1762 1408 1809; x_wconf 90' lang='lat' dir='ltr'>nobis</span> <span class='ocrx_word' id='word_1_153' title='bbox 1435 1765 1720 1826; x_wconf 90' lang='lat' dir='ltr'>quisquam,</span> 
     </span>
     <span class='ocr_line' id='line_1_24' title="bbox 213 1834 1302 1896; baseline -0.002 -15"><span class='ocrx_word' id='word_1_154' title='bbox 213 1843 269 1882; x_wconf 89' lang='lat' dir='ltr'>ut</span> <span class='ocrx_word' id='word_1_155' title='bbox 295 1836 744 1889; x_wconf 87' lang='lat' dir='ltr'>subscriberemus,</span> <span class='ocrx_word' id='word_1_156' title='bbox 769 1837 970 1896; x_wconf 90' lang='lat' dir='ltr'>putavit</span> <span class='ocrx_word' id='word_1_157' title='bbox 993 1834 1302 1881; x_wconf 90' lang='lat' dir='ltr'>instandum.</span> 
     </span>
    </p>

    <p class='ocr_par' dir='ltr' id='par_1_4' title="bbox 164 1905 1719 2112">
     <span class='ocr_line' id='line_1_25' title="bbox 164 1905 1719 1968; baseline -0.001 -15"><span class='ocrx_word' id='word_1_158' title='bbox 164 1917 188 1954; x_wconf 91' lang='lat'>6</span> <span class='ocrx_word' id='word_1_159' title='bbox 278 1905 379 1964; x_wconf 82' lang='lat' dir='ltr'>Qui</span> <span class='ocrx_word' id='word_1_160' title='bbox 409 1914 584 1953; x_wconf 88' lang='lat' dir='ltr'>autem</span> <span class='ocrx_word' id='word_1_161' title='bbox 615 1905 711 1952; x_wconf 90' lang='lat' dir='ltr'>alio</span> <span class='ocrx_word' id='word_1_162' title='bbox 741 1905 842 1960; x_wconf 88' lang='lat' dir='ltr'>die,</span> <span class='ocrx_word' id='word_1_163' title='bbox 870 1913 1209 1968; x_wconf 90' lang='lat' dir='ltr'>posteaquam</span> <span class='ocrx_word' id='word_1_164' title='bbox 1236 1908 1404 1968; x_wconf 90' lang='lat' dir='ltr'>ipsum</span> <span class='ocrx_word' id='word_1_165' title='bbox 1433 1905 1719 1952; x_wconf 86' lang='lat' dir='ltr'>discessisse</span> 
     </span>
     <span class='ocr_line' id='line_1_26' title="bbox 212 1975 1718 2040; baseline -0.001 -17"><span class='ocrx_word' id='word_1_166' title='bbox 212 1978 516 2033; x_wconf 88' lang='lat' dir='ltr'>didicerunt,</span> <span class='ocrx_word' id='word_1_167' title='bbox 571 1976 765 2023; x_wconf 88' lang='lat' dir='ltr'>fuerint</span> <span class='ocrx_word' id='word_1_168' title='bbox 818 1983 987 2023; x_wconf 92' lang='lat' dir='ltr'>motus</span> <span class='ocrx_word' id='word_1_169' title='bbox 1043 1976 1123 2022; x_wconf 86' lang='lat' dir='ltr'>vel</span> <span class='ocrx_word' id='word_1_170' title='bbox 1177 1976 1383 2040; x_wconf 86' lang='lat' dir='ltr'>linguae</span> <span class='ocrx_word' id='word_1_171' title='bbox 1437 1975 1718 2033; x_wconf 86' lang='lat' dir='ltr'>hominum,</span> 
     </span>
     <span class='ocr_line' id='line_1_27' title="bbox 213 2048 1719 2112; baseline 0 -18"><span class='ocrx_word' id='word_1_172' title='bbox 213 2056 462 2111; x_wconf 88' lang='lat' dir='ltr'>quantum</span> <span class='ocrx_word' id='word_1_173' title='bbox 493 2051 613 2095; x_wconf 88' lang='lat' dir='ltr'>satis</span> <span class='ocrx_word' id='word_1_174' title='bbox 644 2048 919 2094; x_wconf 87' lang='lat' dir='ltr'>arbitratus</span> <span class='ocrx_word' id='word_1_175' title='bbox 949 2064 1078 2103; x_wconf 88' lang='lat' dir='ltr'>sum,</span> <span class='ocrx_word' id='word_1_176' title='bbox 1107 2051 1369 2094; x_wconf 86' lang='lat' dir='ltr'>sanctitati</span> <span class='ocrx_word' id='word_1_177' title='bbox 1397 2055 1598 2095; x_wconf 89' lang='lat' dir='ltr'>vestrae</span> <span class='ocrx_word' id='word_1_178' title='bbox 1626 2065 1719 2112; x_wconf 91' lang='lat' dir='ltr'>per</span> 
     </span>
    </p>
   </div>
   <div class='ocr_carea' id='block_1_3' title="bbox 217 2215 1718 2540">
    <p class='ocr_par' dir='ltr' id='par_1_5' title="bbox 217 2215 1718 2540">
     <span class='ocr_line' id='line_1_28' title="bbox 280 2215 1718 2270; baseline 0.001 -14"><span class='ocrx_word' id='word_1_179' title='bbox 280 2221 298 2239; x_wconf 81' lang='lat'>‘²</span> <span class='ocrx_word' id='word_1_180' title='bbox 328 2216 421 2256; x_wconf 89' lang='lat' dir='ltr'>The</span> <span class='ocrx_word' id='word_1_181' title='bbox 442 2216 756 2256; x_wconf 87' lang='lat' dir='ltr'>catechumens</span> <span class='ocrx_word' id='word_1_182' title='bbox 777 2229 888 2255; x_wconf 86' lang='lat' dir='ltr'>were</span> <span class='ocrx_word' id='word_1_183' title='bbox 916 2219 993 2255; x_wconf 91' lang='lat' dir='ltr'>not</span> <span class='ocrx_word' id='word_1_184' title='bbox 1016 2215 1202 2256; x_wconf 87' lang='lat' dir='ltr'>allowed</span> <span class='ocrx_word' id='word_1_185' title='bbox 1223 2219 1269 2256; x_wconf 89' lang='lat' dir='ltr'>to</span> <span class='ocrx_word' id='word_1_186' title='bbox 1289 2215 1345 2257; x_wconf 90' lang='lat' dir='ltr'>be</span> <span class='ocrx_word' id='word_1_187' title='bbox 1365 2221 1542 2268; x_wconf 87' lang='lat' dir='ltr'>present</span> <span class='ocrx_word' id='word_1_188' title='bbox 1561 2221 1608 2258; x_wconf 86' lang='lat' dir='ltr'>at</span> <span class='ocrx_word' id='word_1_189' title='bbox 1627 2231 1718 2270; x_wconf 84' lang='lat' dir='ltr'>any</span> 
     </span>
     <span class='ocr_line' id='line_1_29' title="bbox 219 2270 1717 2325; baseline 0.001 -15"><span class='ocrx_word' id='word_1_190' title='bbox 219 2273 322 2311; x_wconf 87' lang='lat' dir='ltr'>rites</span> <span class='ocrx_word' id='word_1_191' title='bbox 347 2284 395 2311; x_wconf 88' lang='lat' dir='ltr'>or</span> <span class='ocrx_word' id='word_1_192' title='bbox 419 2283 602 2323; x_wconf 86' lang='lat' dir='ltr'>prayers</span> <span class='ocrx_word' id='word_1_193' title='bbox 633 2270 753 2317; x_wconf 77' lang='lat' dir='ltr'>(save</span> <span class='ocrx_word' id='word_1_194' title='bbox 783 2270 857 2311; x_wconf 88' lang='lat' dir='ltr'>the</span> <span class='ocrx_word' id='word_1_195' title='bbox 889 2270 1112 2322; x_wconf 88' lang='lat' dir='ltr'>“prayers</span> <span class='ocrx_word' id='word_1_196' title='bbox 1140 2271 1210 2311; x_wconf 87' lang='lat' dir='ltr'>for</span> <span class='ocrx_word' id='word_1_197' title='bbox 1240 2271 1313 2311; x_wconf 85' lang='lat' dir='ltr'>the</span> <span class='ocrx_word' id='word_1_198' title='bbox 1340 2271 1717 2325; x_wconf 87' lang='lat' dir='ltr'>catechumens’&#39;)</span> 
     </span>
     <span class='ocr_line' id='line_1_30' title="bbox 218 2324 1716 2379; baseline 0.002 -14"><span class='ocrx_word' id='word_1_199' title='bbox 218 2339 267 2365; x_wconf 86' lang='lat' dir='ltr'>or</span> <span class='ocrx_word' id='word_1_200' title='bbox 296 2325 543 2365; x_wconf 84' lang='lat' dir='ltr'>discourses</span> <span class='ocrx_word' id='word_1_201' title='bbox 574 2338 631 2365; x_wconf 91' lang='lat' dir='ltr'>on</span> <span class='ocrx_word' id='word_1_202' title='bbox 661 2324 736 2365; x_wconf 85' lang='lat' dir='ltr'>the</span> <span class='ocrx_word' id='word_1_203' title='bbox 766 2326 891 2365; x_wconf 89' lang='lat' dir='ltr'>inner</span> <span class='ocrx_word' id='word_1_204' title='bbox 921 2327 1151 2377; x_wconf 87' lang='lat' dir='ltr'>mysteries</span> <span class='ocrx_word' id='word_1_205' title='bbox 1183 2325 1234 2365; x_wconf 90' lang='lat' dir='ltr'>of</span> <span class='ocrx_word' id='word_1_206' title='bbox 1260 2325 1334 2366; x_wconf 90' lang='lat' dir='ltr'>the</span> <span class='ocrx_word' id='word_1_207' title='bbox 1365 2325 1512 2374; x_wconf 88' lang='lat' dir='ltr'>Faith,</span> <span class='ocrx_word' id='word_1_208' title='bbox 1543 2326 1716 2379; x_wconf 87' lang='lat' dir='ltr'>though</span> 
     </span>
     <span class='ocr_line' id='line_1_31' title="bbox 218 2379 1718 2432; baseline 0.002 -13"><span class='ocrx_word' id='word_1_209' title='bbox 218 2379 324 2431; x_wconf 88' lang='lat' dir='ltr'>they</span> <span class='ocrx_word' id='word_1_210' title='bbox 350 2379 486 2420; x_wconf 84' lang='lat' dir='ltr'>heard</span> <span class='ocrx_word' id='word_1_211' title='bbox 511 2379 585 2419; x_wconf 91' lang='lat' dir='ltr'>the</span> <span class='ocrx_word' id='word_1_212' title='bbox 613 2379 825 2431; x_wconf 84' lang='lat' dir='ltr'>ordinary</span> <span class='ocrx_word' id='word_1_213' title='bbox 848 2392 1046 2420; x_wconf 83' lang='lat' dir='ltr'>sermons</span> <span class='ocrx_word' id='word_1_214' title='bbox 1075 2380 1119 2430; x_wconf 82' lang='lat'>(⁴‘</span> <span class='ocrx_word' id='word_1_215' title='bbox 1136 2393 1236 2420; x_wconf 89' lang='lat' dir='ltr'>ecce</span> <span class='ocrx_word' id='word_1_216' title='bbox 1263 2384 1364 2432; x_wconf 91' lang='lat' dir='ltr'>post</span> <span class='ocrx_word' id='word_1_217' title='bbox 1391 2394 1639 2422; x_wconf 87' lang='lat' dir='ltr'>sermonem</span> <span class='ocrx_word' id='word_1_218' title='bbox 1665 2380 1718 2422; x_wconf 90' lang='lat' dir='ltr'>fit</span> 
     </span>
     <span class='ocr_line' id='line_1_32' title="bbox 218 2432 1715 2482; baseline 0.003 -9"><span class='ocrx_word' id='word_1_219' title='bbox 218 2436 352 2473; x_wconf 81' lang='lat' dir='ltr'>missa</span> <span class='ocrx_word' id='word_1_220' title='bbox 381 2434 735 2474; x_wconf 82' lang='lat' dir='ltr'>catechumenis:</span> <span class='ocrx_word' id='word_1_221' title='bbox 778 2434 1024 2474; x_wconf 82' lang='lat' dir='ltr'>manebunt</span> <span class='ocrx_word' id='word_1_222' title='bbox 1051 2432 1218 2482; x_wconf 88' lang='lat' dir='ltr'>fideles,</span> <span class='ocrx_word' id='word_1_223' title='bbox 1248 2436 1448 2475; x_wconf 82' lang='lat' dir='ltr'>venietur</span> <span class='ocrx_word' id='word_1_224' title='bbox 1476 2434 1535 2475; x_wconf 87' lang='lat' dir='ltr'>ad</span> <span class='ocrx_word' id='word_1_225' title='bbox 1568 2435 1715 2478; x_wconf 85' lang='lat' dir='ltr'>locum</span> 
     </span>
     <span class='ocr_line' id='line_1_33' title="bbox 217 2487 809 2540; baseline 0.003 -12"><span class='ocrx_word' id='word_1_226' title='bbox 217 2487 475 2537; x_wconf 87' lang='lat' dir='ltr'>orationis,”</span> <span class='ocrx_word' id='word_1_227' title='bbox 498 2488 636 2530; x_wconf 82' lang='lat' dir='ltr'>Serm.</span> <span class='ocrx_word' id='word_1_228' title='bbox 658 2491 727 2529; x_wconf 76' lang='lat'>49.</span> <span class='ocrx_word' id='word_1_229' title='bbox 750 2489 809 2540; x_wconf 87' lang='lat'>8).</span> 
     </span>
    </p>
   </div>
   <div class='ocr_carea' id='block_1_4' title="bbox 215 2559 311 2602">
    <p class='ocr_par' dir='ltr' id='par_1_6' title="bbox 215 2559 311 2602">
     <span class='ocr_line' id='line_1_34' title="bbox 215 2559 311 2602; baseline -0.021 0"><span class='ocrx_word' id='word_1_230' title='bbox 215 2559 311 2602; x_wconf 71' lang='lat'>232</span> 
     </span>
    </p>
   </div>
  </div>
 </body>
</html>
