1850 2964
762 184 852 232 ST.
891 183 1300 232 AUGUSTINE

276 322 544 374 inmemor,
581 321 677 365 etsi
712 325 767 365 te
804 318 869 365 ad
904 316 1190 381 coniugalia
1224 323 1435 380 cogeret
1468 317 1790 373 indumenta,

279 398 344 445 ad
369 398 588 460 superba
613 404 791 443 tamen
815 402 1118 443 ornamenta
1141 412 1243 442 non
1267 402 1491 459 cogeret.
1687 392 1690 394 ’

205 483 252 521 11
346 475 490 522 Haec
528 476 623 522 tibi
663 478 853 538 scripsi,
894 477 1134 538 quoniam
1172 490 1256 520 me
1295 473 1662 520 consulendum
1699 490 1792 536 pu-

279 557 420 610 tasti,
452 571 555 601 non
585 561 643 601 ut
674 561 823 601 tuum
852 560 1053 600 rectum
1082 556 1380 599 institutum
1410 568 1644 599 sermone
1674 568 1791 598 meo

278 631 589 696 frangerem,
616 633 707 679 sed
733 632 870 696 quod
895 639 948 679 te
974 632 1263 679 inordinate
1291 638 1344 677 et
1368 634 1574 678 incaute
1601 637 1792 694 agente

279 715 370 757 viri
391 714 468 758 tui
489 710 685 758 factum
707 710 949 758 dolerem.
1021 710 1102 757 De
1125 713 1264 756 cuius
1286 713 1610 772 reparatione
1633 709 1791 756 debes

279 789 730 836 vehementissime
773 793 1018 853 cogitare,
1062 792 1103 835 si
1146 805 1264 835 vere
1309 789 1375 835 ad
1417 787 1676 834 Christum
1718 790 1791 834 vis

279 872 555 931 pertinere.
627 868 792 916 Indue
844 872 1021 931 itaque
1073 866 1421 914 humilitatem
1477 869 1685 922 mentis,
1738 872 1792 912 et

281 954 338 994 ut
375 955 430 994 te
468 947 593 994 deus
631 954 899 994 conservet
936 953 1374 1009 perseverantem,
1410 945 1513 992 noli
1548 947 1791 992 maritum

281 1033 612 1072 contemnere
666 1032 989 1089 pereuntem.
1061 1025 1240 1072 funde
1293 1041 1385 1087 pro
1437 1023 1522 1070 illo
1574 1026 1684 1086 pias
1740 1030 1794 1070 et

282 1105 507 1151 assiduas
533 1108 806 1160 orationes,
830 1104 1053 1150 sacrifica
1075 1103 1307 1150 lacrimas
1331 1110 1597 1166 tamquam
1619 1101 1794 1148 vulne-

281 1186 379 1229 rati
401 1187 703 1247 sanguinem
721 1183 882 1230 cordis
905 1190 957 1229 et
975 1183 1136 1229 scribe
1155 1182 1219 1229 ad
1238 1198 1354 1228 eum
1372 1179 1791 1235 satisfactionem,

276 1269 460 1324 petens
501 1266 718 1317 veniam,
747 1265 865 1325 quia
896 1265 949 1307 in
983 1258 1115 1326 eum:
1135 1264 1378 1323 peccasti,
1415 1260 1553 1324 quod
1586 1265 1795 1322 praeter

285 1343 392 1387 eius
435 1340 699 1387 consilium
744 1347 798 1387 et
846 1339 1167 1386 voluntatem
1210 1340 1274 1386 de
1306 1339 1459 1386 rebus
1492 1341 1594 1385 tuis
1626 1336 1794 1384 fecisti

284 1419 421 1482 quod
446 1417 736 1466 faciendum
758 1422 971 1481 putasti,
991 1435 1092 1465 non
1114 1425 1170 1465 ut
1195 1425 1250 1464 te
1270 1420 1537 1481 paeniteat
1556 1417 1795 1463 tribuisse

283 1499 594 1560 pauperibus
634 1498 724 1545 sed
764 1514 882 1544 eum
920 1498 1041 1544 boni
1079 1500 1155 1543 tui
1195 1499 1360 1559 operis
1398 1498 1701 1558 participem
1741 1500 1796 1540 et

283 1576 662 1623 moderatorem
698 1575 889 1623 habere
926 1575 1162 1622 noluisse.
1233 1574 1484 1622 Promitte
1521 1574 1586 1621 de
1622 1579 1796 1620 cetero

283 1658 336 1700 in
380 1655 631 1702 adiutorio
676 1655 885 1711 domini,
930 1658 969 1701 si
1015 1661 1069 1701 et
1112 1653 1253 1700 illum
1297 1669 1420 1700 suae
1463 1651 1795 1716 turpitudinis

283 1737 598 1796 paenituerit
658 1741 712 1781 et
771 1736 1143 1780 continentiam
1203 1749 1358 1796 quam
1418 1732 1663 1786 deseruit,
1717 1745 1795 1776 re-

283 1815 544 1875 petiverit,
569 1819 623 1859 te
655 1812 744 1868 illi,
769 1816 899 1859 sicut
932 1812 1101 1867 decet,
1125 1814 1177 1857 in
1207 1811 1441 1857 omnibus
1475 1812 1792 1863 servituram,

283 1908 340 1937 ne
357 1890 511 1956 forte,
544 1898 602 1937 ut
635 1894 707 1937 ait
739 1890 1015 1954 apostolus,
1047 1889 1121 1936 det
1151 1889 1221 1935 illi
1252 1888 1365 1936 deus
1390 1886 1724 1953 paenitentiam
1754 1892 1797 1933 et

284 1973 548 2032 resipiscat
585 1969 641 2016 cle
676 1968 851 2016 diaboli
889 1968 1087 2033 laqueis,
1125 1985 1154 2014 a
1191 1985 1282 2032 quo
1318 1971 1549 2030 captivus
1585 1971 1796 2012 tenetur

285 2047 533 2095 secundum
570 2047 719 2112 ipsius
754 2047 1047 2095 voluntatem.
1119 2046 1301 2092 Filium
1339 2053 1515 2092 autem
1550 2051 1796 2099 vestrum,

285 2130 525 2189 quoniam
564 2127 628 2173 de
666 2125 908 2190 legitimis
949 2142 1066 2172 eum
1106 2132 1159 2171 et
1196 2123 1423 2171 honestis
1461 2125 1653 2186 nuptiis
1691 2137 1796 2168 sus-

285 2207 483 2267 cepisti,
516 2207 678 2268 magis
711 2207 763 2250 in
795 2207 954 2267 patris
989 2220 1143 2267 quam
1176 2206 1228 2248 in
1260 2210 1351 2249 tua
1386 2217 1496 2248 esse
1529 2206 1794 2264 potestate

285 2286 395 2346 quis
420 2286 613 2329 nesciat
639 2284 657 2329 ?
725 2282 794 2329 Et
818 2282 933 2329 ideo
959 2285 1004 2328 ei
1028 2284 1205 2344 negari
1228 2298 1330 2327 non
1353 2286 1545 2343 potest,
1568 2279 1796 2325 ubicum-

285 2378 385 2424 que
410 2360 551 2407 illum
579 2377 689 2407 esse
715 2363 1009 2425 cognoverit
1037 2367 1090 2406 et
1119 2363 1227 2406 iure
1252 2361 1543 2422 poposcerit
1566 2373 1578 2413 ;
1622 2373 1680 2403 ac
1703 2371 1797 2419 per

285 2438 397 2496 hoc,
441 2447 499 2486 ut
542 2439 823 2486 secundum
865 2445 1009 2485 tuam
1053 2437 1373 2484 voluntatem
1415 2439 1468 2482 in
1510 2435 1595 2482 dei
1634 2435 1797 2498 possit

812 2585 830 2603 ‘²
862 2582 887 2619 52
909 2579 1024 2620 Tim.
1049 2580 1091 2619 ii.
1115 2581 1261 2620 25-26.

294 2649 387 2692 518
