1866 2964
738 190 829 238 ST.
867 187 1275 236 AUGUSTINE

253 323 428 371 Unum
457 327 594 370 enim
622 339 802 386 corpus
831 323 925 369 sub
954 339 1055 368 uno
1084 323 1253 383 capite
1282 335 1474 375 sumus,
1501 325 1562 365 ut
1590 324 1645 364 et
1672 332 1760 364 vos

250 395 303 438 in
325 393 469 439 nobis
491 394 745 438 neo-otiosi
768 398 821 437 et
843 407 934 437 nos
955 393 1008 435 in
1029 390 1171 436 vobis
1193 391 1342 435 otiosi
1364 391 1537 442 simus,
1559 389 1697 449 quja,
1719 383 1761 431 si

248 459 427 523 patitur
472 478 613 506 unam
660 457 924 513 membrum,
972 456 1313 521 compatiuntur
1357 454 1514 502 omnia
1559 451 1763 501 membra

252 535 310 583 et,
355 528 397 574 si
436 527 732 591 glorificatur
774 545 916 573 unam
961 523 1228 580 membrum,
1271 522 1563 588 congaudent
1606 519 1761 568 omnia

254 594 470 642 membra.
538 596 890 642 Admonemus
911 611 1031 657 ergo
1051 600 1104 639 61
1122 595 1346 655 petimus
1366 599 1420 638 et
1437 592 1762 638 obsecramus

253 680 345 726 per
380 663 567 710 Christi
602 662 900 709 altissimam
934 660 1281 708 humilitatem
1318 667 1372 707 et
1405 657 1764 706 misericordis-

253 735 433 778 simam
453 730 828 786 celsitudinem,
848 737 906 776 ut
926 732 1086 776 nostri
1103 744 1356 775 memores
1376 731 1485 774 sitis
1503 730 1557 772 in
1575 728 1763 772 sanctis

254 800 567 846 orationibus
605 802 804 853 vestris,
841 815 965 861 quas
1003 814 1089 844 vos
1126 795 1473 860 vigilantiores
1511 801 1566 842 et
1600 796 1764 857 magis

255 869 446 914 sobrias
469 866 660 913 habere
683 867 935 913 credimus
959 881 970 920 3
1010 872 1209 911 nostras
1233 867 1369 910 enim
1391 879 1546 925 saepe
1569 864 1765 908 sauciat

256 943 310 981 et
332 934 571 982 debilitat
592 934 755 998 caligo
779 942 832 980 et
854 933 1107 980 tumultus
1130 931 1465 979 saecularium
1488 934 1762 977 actionum.

257 1003 396 1062 Quas
418 1006 515 1049 etsi
533 1010 731 1049 nostras
752 1019 854 1048 non
871 1001 1139 1057 habemus,
1159 1017 1335 1047 eorum
1354 1007 1549 1074 tamen,
1568 1001 1655 1061 qui
1674 1013 1765 1044 nos

257 1071 511 1134 angariant
536 1070 660 1117 mille
680 1087 856 1134 passus
883 1077 936 1116 et
961 1070 1197 1116 iubemur
1221 1068 1289 1114 ire
1313 1085 1415 1114 cum
1440 1066 1508 1114 eis
1533 1066 1632 1113 alia
1656 1065 1766 1121 due,

259 1146 408 1185 tanta
441 1140 586 1185 nobis
621 1142 768 1202 inge1
772 1145 944 1193 11111111,
981 1144 1040 1184 111
1082 1140 1165 1183 vix
1207 1139 1457 1212 respirare
1497 1137 1764 1198 possimUS,

257 1208 528 1254 credentes
562 1214 758 1262 tamen,
793 1206 932 1269 quod
963 1205 1066 1260 ille,
1100 1204 1149 1251 in
1182 1204 1315 1251 caius
1347 1209 1590 1267 conspectu
1623 1201 1768 1249 intrat

254 1275 454 1339 gemitus
486 1274 862 1338 compeditorum,
895 1289 1075 1336 persev
1080 1280 1284 1319 eiantes
1317 1288 1408 1319 nos
1440 1275 1494 1317 in
1527 1287 1588 1317 eo
1620 1272 1768 1316 mini-

259 1346 432 1398 sterio,
466 1346 518 1388 in
552 1359 652 1406 quo
686 1341 949 1389 conlocare
983 1342 1225 1405 dignatus
1260 1347 1340 1387 est
1373 1356 1489 1387 cum
1521 1341 1768 1402 promissa

259 1411 517 1467 mercede,
556 1411 914 1457 adiuvantibus
954 1410 1267 1456 orationibus
1305 1411 1487 1454 vestris
1527 1407 1591 1454 ab
1631 1408 1768 1453 omni

261 1482 499 1542 angustia
520 1477 775 1525 liberabit.

214 1554 237 1592 2
325 1546 426 1593 Vos
474 1554 668 1602 autem,
714 1545 917 1601 fratres,
964 1543 1295 1591 exhortamur
1340 1547 1393 1589 in
1439 1543 1663 1598 domino,
1709 1547 1768 1587 ut

260 1618 579 1677 propositum
618 1621 846 1661 vestrum
887 1613 1186 1660 custodiatis
1229 1619 1283 1659 et
1323 1627 1485 1675 usque
1525 1615 1578 1657 in
1613 1610 1768 1656 finem

263 1686 602 1745 perseveretis
641 1699 716 1738 ac,
748 1685 788 1729 si
825 1698 927 1744 qua
961 1697 1117 1743 opera
1148 1687 1319 1726 vestra
1353 1686 1521 1726 mater
1557 1677 1770 1725 ecclesia

262 1751 647 1806 desideraverit,
667 1766 762 1796 nec
788 1749 1010 1796 elatione
1035 1749 1183 1795 avida
1206 1750 1490 1810 suscipiatis
1515 1763 1610 1793 nec
1628 1745 1771 1793 blan-

264 1819 439 1865 diente
465 1819 660 1865 desidia
681 1821 953 1880 respuatis,
976 1817 1068 1864 sed
1089 1819 1203 1862 miti
1225 1816 1377 1863 corde
1401 1816 1772 1878 obtemperetis

265 1887 381 1942 deo,
404 1903 520 1932 cum
544 1886 940 1932 mansuetudine
963 1891 1230 1947 portantes
1256 1900 1374 1930 eum
1399 1886 1486 1946 qui
1508 1899 1595 1930 vos
1618 1885 1772 1946 regit,

266 1954 346 2018 qui
374 1953 535 2018 dirigit
563 1954 694 2000 mites
722 1953 770 1999 in
799 1952 987 2008 iudicio,
1015 1951 1191 1999 docebit
1219 1957 1482 1998 mansuetos
1510 1950 1613 1997 vias
1641 1966 1770 1997 suas.

268 2022 374 2068 Nec
414 2029 641 2068 vestrum
688 2025 851 2068 otium
897 2020 1290 2067 necessitatibus
1337 2018 1581 2066 ecclesiae
1626 2033 1774 2081 prae-

266 2093 486 2155 ponatis,
502 2093 580 2136 cui
599 2092 906 2152 parturienti
926 2093 965 2135 si
981 2088 1104 2135 nulli
1122 2089 1241 2135 boni
1257 2090 1545 2134 ministrare
1564 2085 1774 2141 vellent,

269 2175 369 2222 quo
390 2158 541 2205 modo
562 2160 915 2212 nasceremini,
934 2174 1037 2203 non
1055 2159 1139 2202 inv
1144 2158 1368 2202 enitetis.
1435 2154 1577 2202 Sicut
1597 2161 1772 2201 autem

268 2229 403 2272 inter
418 2229 592 2290 ignem
611 2232 664 2272 et
683 2242 869 2289 aquam
886 2225 1114 2272 tenenda
1132 2231 1211 2271 est
1228 2226 1325 2279 via,
1342 2230 1401 2270 ut
1418 2239 1512 2270 nec
1531 2229 1776 2269 exuratur

270 2293 421 2340 homo
448 2310 543 2340 nec
569 2294 918 2357 demergatur,
945 2296 1014 2339 sic
1039 2295 1175 2338 inter
1201 2294 1398 2354 apicem
1423 2291 1693 2354 superbiae
1722 2296 1776 2336 et

271 2365 565 2425 voraginem
586 2362 812 2409 desidiae
832 2364 932 2407 iter
951 2368 1182 2407 nostrum
1201 2366 1492 2422 temperare
1513 2359 1781 2413 debemus,

835 2529 853 2547 ⁰
892 2527 906 2563 1
936 2522 1033 2564 Cor.
1057 2523 1129 2563 xii.
1150 2524 1219 2562 26.

455 2578 470 2602 ⁶
506 2578 638 2619 Matt.
660 2592 701 2619 v.
724 2581 793 2619 41.
1265 2581 1281 2601 ⁰
1314 2575 1383 2616 Ps.
1406 2574 1568 2617 lxxviii.
1595 2579 1660 2617 11.

291 2651 379 2690 112
