1866 2964
737 147 828 197 ST.
867 148 1230 197 AUGUSTIN
1233 149 1276 197 E

197 286 222 325 2
314 280 496 344 Imple,
543 281 829 329 Christiane
875 283 1048 339 iudex,
1093 287 1164 346 pii
1207 287 1367 346 patris
1412 284 1648 340 officium,
1693 286 1763 331 sic

247 369 484 401 suscense
523 358 800 418 iniquitati,
840 363 898 402 ut
935 355 1198 402 consulere
1237 355 1548 403 humanitati
1585 359 1763 402 memi-

246 428 399 482 neris,
417 442 511 472 nec
536 430 588 472 in
607 434 935 489 peccatorum
965 429 1319 474 atrocitatibus
1350 444 1589 474 exerceas
1617 427 1763 474 ulcis-

246 497 394 544 cendi
427 497 708 555 libidinem,
742 499 833 546 sed
865 507 1194 561 peccatorum
1227 499 1518 546 vulneribus
1553 499 1763 546 curandi

247 567 490 616 adhibeas
529 571 865 617 voluntatem.
937 571 1052 617 Noli
1089 571 1305 633 perdere
1343 578 1615 634 paternam
1653 571 1763 618 dili—

245 646 494 704 gentiam,
527 659 682 706 quam
712 647 764 689 in
794 647 903 706 ipsa
933 646 1262 706 inquisitione
1294 647 1525 699 servasti,
1557 644 1762 707 quando

245 719 510 760 tantorum
562 715 811 762 scelerum
863 715 1235 762 confessionem
1287 732 1390 762 non
1443 715 1762 763 extendente

247 785 440 841 eculeo,
503 803 606 832 non
669 786 982 834 sulcantibus
1047 786 1266 851 ungulis,
1330 804 1433 833 non
1495 788 1762 834 urentibus

245 855 480 914 flammis,
502 858 594 905 sed
614 861 870 922 virgarum
891 859 1186 905 verberibus
1210 862 1558 922 eruisti,——qui
1580 859 1761 906 modus

244 928 596 976 cohercitionis
632 938 685 977 et
719 948 748 977 a
780 934 1036 994 magistris
1071 935 1258 978 artium
1290 930 1576 978 liberalium
1611 938 1664 978 et
1697 931 1762 978 ab

243 1004 362 1063 ipsis
398 1003 698 1064 parentibus
737 1010 790 1050 et
826 1020 980 1066 saepe
1019 1007 1176 1050 etiam
1211 1006 1264 1049 in
1298 1004 1493 1051 iudiciis
1530 1003 1661 1051 solet
1697 1004 1762 1051 ab

245 1077 492 1137 episcopis
520 1074 713 1121 haberi.
785 1075 899 1122 Noli
928 1093 1049 1139 ergo
1081 1079 1299 1123 atrocius
1337 1076 1593 1123 vindicare
1624 1076 1762 1139 quod

242 1145 404 1193 lenius
444 1150 698 1193 invenisti.
771 1147 1069 1210 Inquirendi
1109 1164 1264 1211 quam
1302 1148 1550 1210 puniendi
1587 1164 1762 1195 neces-

242 1221 364 1264 sitas
398 1221 558 1265 maior
593 1226 706 1275 est3
760 1220 824 1266 ad
857 1219 952 1266 hoc
986 1223 1122 1265 enim
1157 1227 1211 1267 et
1242 1223 1497 1267 mitissimi
1529 1220 1760 1267 homines

243 1288 437 1336 facinus
464 1290 778 1338 occultatum
804 1291 1079 1354 diligenter
1105 1299 1263 1355 atque
1288 1296 1543 1339 instanter
1569 1295 1760 1338 exami-

242 1369 386 1418 nant,
417 1370 476 1409 ut
512 1366 777 1410 inveniant
814 1364 996 1426 quibus
1033 1371 1262 1425 parcant.
1349 1363 1501 1410 Unde
1538 1364 1760 1427 plerum-

243 1450 343 1496 que
394 1451 603 1482 necesse
655 1442 751 1491 est,
804 1444 1107 1483 exerceatur
1157 1439 1318 1483 acrius
1370 1439 1650 1500 inquisitio,
1701 1442 1760 1482 ut

242 1505 573 1553 manifestato
617 1506 825 1562 scelere,
869 1510 935 1554 sit
977 1509 1064 1555 ubi
1108 1515 1356 1570 appareat
1398 1508 1756 1555 mansuetudo.

243 1577 430 1624 Omnia
469 1582 659 1642 quippe
697 1579 831 1625 bona
870 1596 1025 1642 opera
1064 1587 1240 1626 amant
1277 1584 1330 1626 in
1366 1579 1478 1626 luce
1517 1583 1758 1627 constitui

242 1667 343 1696 non
383 1658 594 1712 propter
634 1650 911 1698 humanam
952 1652 1183 1715 gloriam,
1224 1653 1315 1699 sed
1355 1659 1404 1698 ut
1443 1651 1645 1708 videant,
1687 1656 1759 1700 ait

242 1722 493 1778 dominus,
519 1721 636 1769 bona
659 1739 800 1787 opera
824 1730 975 1769 vestra
998 1731 1039 1770 et
1057 1723 1319 1788 glorificent
1334 1730 1517 1788 patrem
1541 1731 1757 1779 vestrum,

241 1793 321 1857 qui
342 1793 389 1840 in
411 1794 553 1841 caelis
575 1801 655 1842 est.
727 1794 795 1841 Et
817 1795 933 1841 ideo
959 1812 1060 1841 non
1085 1796 1267 1843 sufficit
1293 1795 1522 1859 apostolo
1547 1813 1756 1844 monere

242 1872 299 1911 ut
339 1867 789 1913 mansuetudinem
832 1883 1166 1923 servaremus,
1209 1867 1300 1914 sed
1341 1874 1399 1914 ut
1441 1884 1556 1914 eam
1598 1872 1755 1914 etiam

241 1945 417 1984 notam
479 1939 712 1984 omnibus
774 1937 1094 1985 faceremus:
1174 1937 1511 1995 Man-suetudo,
1571 1942 1756 2002 inquit,

240 2015 392 2055 vestra
423 2016 531 2056 nota
563 2009 622 2057 sit
652 2008 862 2056 omnibus
893 2009 1169 2066 hominibus,
1202 2017 1255 2057 et
1287 2010 1383 2057 alio
1413 2009 1522 2057 loco
1547 2027 1558 2057 ι
1592 2009 1756 2058 ,Blan-

239 2080 523 2127 suetudz'nem
565 2088 842 2128 ostentantes
882 2080 945 2127 ad
983 2099 1139 2129 omnes
1178 2083 1400 2138 homines,
1441 2090 1499 2130 ut
1538 2099 1632 2129 nec
1671 2082 1755 2128 illa

240 2156 402 2199 sancti
439 2153 625 2209 David,
660 2154 865 2216 quando
899 2157 1101 2200 inimico
1136 2155 1230 2201 sibi
1263 2157 1315 2200 in
1348 2170 1528 2200 manus
1563 2154 1754 2201 tradito

239 2223 521 2270 clementer
553 2228 801 2288 pepercit,
835 2224 1235 2287 praeclarissima
1267 2225 1450 2272 lenitas
1485 2228 1754 2281 emineret,

311 2371 328 2388 ‘¹
365 2365 497 2405 Mau.
520 2380 561 2405 v.
589 2368 653 2405 16.
870 2365 885 2389 b
919 2365 1031 2406 Phil.
1055 2367 1110 2406 iv.
1134 2369 1174 2406 5.
1376 2372 1390 2390 ⁶
1421 2365 1547 2407 Titus
1570 2368 1629 2406 iii.
1651 2368 1692 2407 2.

308 2419 326 2443 ‘¹
358 2420 451 2460 The
481 2421 702 2461 reference
734 2422 768 2461 is
799 2424 844 2461 to
875 2420 1061 2461 David's
1091 2422 1276 2473 sparing
1304 2420 1379 2461 the
1409 2420 1484 2462 life
1509 2421 1560 2461 of
1576 2420 1685 2462 Saul
1705 2422 1747 2461 in

246 2474 320 2514 the
341 2487 448 2514 cave
469 2479 515 2514 at
536 2474 746 2525 En-gedi‚
768 2475 896 2515 when
919 2475 1064 2515 David
1085 2480 1160 2515 cut
1190 2475 1255 2516 off
1281 2476 1355 2516 the
1385 2474 1499 2516 skirt
1527 2476 1578 2516 of
1602 2474 1750 2518 Saul's

247 2528 353 2569 robe
376 2529 414 2581 (l
442 2528 625 2570 Samuel
645 2531 760 2570 xxiv.
788 2531 891 2579 1-8).

245 2600 343 2641 254
