1866 2964
798 173 888 222 ST.
927 172 1336 221 AL'GL’STINE

310 325 461 372 scopo
498 325 588 355 suo
623 307 928 354 mandatum
965 309 1239 369 acceperit,
1263 305 1402 368 quod
1423 304 1584 352 officio
1620 300 1823 367 publico

309 382 643 434 renuntiavit,
665 395 730 424 an
749 377 903 434 forte,
924 395 1039 424 cum
1062 385 1115 424 et
1135 380 1243 440 ipse
1264 377 1439 423 Victor
1460 376 1598 423 aliud
1617 376 1823 430 dixerit,

310 450 495 499 falsum
529 450 600 496 ilh·
636 450 773 512 apud
808 457 923 496 acta
956 452 1215 512 prosecuti
1249 452 1369 504 sint,
1402 465 1517 494 cum
1552 450 1655 494 sint
1688 463 1823 510 com-

310 525 564 569 munionis
599 522 858 576 eiusdem3
897 528 1004 575 aut,
1028 524 1067 566 si
1092 523 1349 567 consentit
1381 527 1439 566 ut
1470 522 1633 582 ipsam
1656 525 1822 565 totam

312 597 669 657 quaestionem
705 593 1030 639 dissensionis
1065 599 1272 638 nostrae
1307 590 1507 654 placide
1543 597 1826 653 pertracte-

312 682 443 721 mus,
480 672 539 711 ut
582 681 719 711 error
757 667 843 727 qui
880 666 982 709 iam
1023 662 1326 710 manifestus
1370 669 1466 718 est,
1501 660 1823 708 manifestius

312 740 620 792 innotescat,
654 736 878 782 libenter
914 734 1210 797 amplector.
1279 735 1468 781 Audivi
1510 737 1646 780 enim
1688 732 1825 796 quod

314 809 520 863 dixerit,
562 815 619 854 ut
661 811 768 854 sine
810 806 1038 853 tumultu
1078 805 1312 870 populari
1353 807 1523 853 adsint
1562 806 1825 852 nobiscum

315 881 434 926 deni
455 896 518 926 ex
539 887 758 942 utraque
778 886 926 941 parte
945 895 1126 942 graves
1153 885 1206 925 et
1224 877 1428 925 honesti
1447 880 1555 933 viri,
1577 883 1630 923 et
1649 893 1827 923 secun-

316 952 438 998 dum
472 954 745 1013 scripturas
772 951 895 1013 quid
926 953 978 996 in
1014 966 1133 997 vero
1159 954 1226 997 sit
1253 953 1623 1013 perquiramus.
1693 948 1826 994 Nam

314 1023 439 1069 illud
465 1023 601 1086 quod
637 1039 807 1068 rursus
852 1038 969 1068 eum
1006 1022 1193 1068 dixisse
1230 1021 1458 1068 nonnulli
1496 1021 1561 1068 ad
1595 1036 1679 1066 me
1714 1036 1829 1084 per-

316 1094 566 1149 tulerunt,
603 1111 691 1139 cur
731 1110 834 1140 non
874 1096 1020 1139 ierim
1064 1093 1474 1149 Constantinam,
1512 1092 1716 1156 quando
1757 1092 1827 1137 ibi

315 1166 486 1229 plures
520 1168 616 1227 ipsi
652 1172 817 1220 erant,
852 1163 933 1211 vel
965 1181 1049 1211 me
1085 1165 1276 1211 debere
1310 1168 1384 1211 ire
1421 1164 1657 1220 Mileum,
1692 1163 1830 1227 quod

315 1237 432 1292 illic,
483 1240 613 1283 sicut
662 1236 956 1299 perhibent,
1006 1235 1274 1282 concilium
1323 1239 1555 1300 proxime
1605 1235 1831 1282 habituri

317 1316 454 1365 sunt,
493 1307 763 1354 ridiculum
805 1314 885 1354 est
925 1308 1113 1363 dicere,
1155 1311 1300 1371 quasi
1342 1309 1407 1355 ad
1445 1325 1529 1354 me
1570 1310 1832 1371 pertineat

317 1397 437 1427 cura
467 1383 671 1443 propria
701 1382 796 1425 nisi
829 1379 1192 1442 Hipponiensis
1225 1379 1484 1426 ecclesiae.
1556 1378 1687 1426 Mihi
1717 1386 1831 1426 tota

317 1451 466 1498 huius
498 1453 811 1514 quaestionis
840 1454 972 1497 ratio
1002 1454 1226 1497 maxime
1257 1468 1373 1498 cum
1404 1451 1703 1498 Proculiano
1735 1457 1829 1498 est.

320 1522 422 1570 Sed
444 1526 484 1569 si
505 1521 639 1569 forte
660 1525 893 1584 inparem
923 1538 976 1568 se
1009 1530 1180 1586 putat,
1202 1526 1343 1569 cuius
1365 1522 1583 1570 voluerit
1604 1522 1831 1587 collegae

321 1598 397 1641 sui
451 1593 675 1657 inploret
731 1593 991 1640 auxilium.
1063 1594 1123 1640 In
1181 1593 1288 1641 aliis
1346 1598 1483 1641 enim
1538 1596 1831 1642 civitatibus

320 1672 527 1712 tantum
568 1668 765 1728 agimus
808 1666 946 1728 quod
982 1666 1047 1712 ad
1089 1665 1354 1712 ecclesiam
1390 1669 1637 1729 pertinet,
1673 1684 1832 1731 quan-

319 1744 432 1783 tum
455 1736 536 1782 vel
558 1752 649 1782 nos
671 1740 983 1799 permittunt
1006 1736 1087 1782 vel
1109 1738 1254 1784 nobis
1276 1741 1530 1800 inponunt
1553 1739 1833 1786 earundem

321 1811 607 1855 civitatium
626 1810 867 1870 episcopi,
884 1807 1068 1854 fratres
1088 1816 1141 1855 et
1159 1810 1548 1857 consacerdotes
1565 1814 1741 1858 nostri.

274 1887 299 1925 6
388 1879 714 1942 Quamquam
742 1886 796 1925 et
820 1883 918 1926 iste
947 1882 1032 1942 qui
1063 1896 1115 1926 se
1143 1887 1224 1927 tot
1257 1898 1505 1928 annorum
1539 1886 1833 1946 episcopum

324 1951 465 2006 dicit,
506 1951 629 2014 quid
669 1954 722 1996 in
762 1967 846 1997 me
886 1954 1053 1997 tirone
1095 1954 1280 1999 timeat
1321 1957 1590 2016 quominus
1630 1971 1834 2001 mecum

325 2021 449 2069 velit
495 2021 726 2069 conferre
775 2038 1081 2078 sermonem,
1128 2040 1230 2069 non
1278 2028 1401 2071 satis
1447 2025 1728 2090 intellego:
1793 2028 1834 2072 si

392 2222 407 2239 ‘¹
444 2215 592 2256 Better
621 2214 787 2255 known
816 2214 958 2256 under
987 2217 1041 2256 its
1071 2216 1225 2257 earlier
1254 2231 1400 2266 name,
1432 2218 1566 2267 Cirta,
1597 2219 1761 2272 capital
1789 2221 1839 2261 of

332 2269 407 2311 the
440 2272 645 2322 territory
675 2271 725 2310 of
754 2270 875 2322 King
905 2270 1090 2322 Syphax
1123 2271 1257 2323 (Livy
1285 2287 1384 2314 xxx.
1419 2276 1468 2314 12
1502 2273 1592 2314 and
1624 2275 1713 2326 44),
1745 2274 1834 2316 and

335 2325 579 2365 associated
623 2324 727 2364 with
771 2324 845 2364 the
889 2338 1041 2365 names
1084 2326 1136 2365 of
1176 2326 1429 2375 Masinissa,
1473 2328 1703 2370 Adherbal
1745 2329 1834 2370 and

339 2380 544 2431 Micipsa.
609 2379 651 2419 It
682 2378 873 2419 suffered
907 2381 951 2419 in
984 2393 1011 2419 a
1043 2379 1143 2420 civil
1174 2394 1265 2420 war
1297 2383 1341 2422 in
1373 2396 1467 2423 A.D.
1501 2386 1600 2431 308,
1633 2383 1715 2424 but
1746 2397 1835 2426 was

335 2434 528 2475 restored
551 2433 612 2485 by
633 2433 707 2474 the
730 2433 946 2485 Emperor
968 2433 1271 2484 Constantine,
1293 2436 1393 2477 who
1412 2450 1526 2490 gave
1547 2439 1580 2478 it
1600 2437 1668 2479 his
1688 2452 1833 2480 name.

338 2489 380 2529 It
402 2488 490 2528 had
513 2502 539 2528 a
562 2488 720 2540 bishop
743 2490 861 2528 since
882 2493 928 2529 at
949 2487 1058 2529 least
1078 2492 1176 2530 5256.

397 2542 412 2566 ⁶
446 2542 559 2583 Now
596 2542 722 2590 Mila,
753 2542 891 2583 about
924 2547 998 2583 ten
1032 2543 1156 2584 miles
1185 2549 1292 2585 west
1320 2546 1372 2586 of
1399 2545 1717 2589 Constantine:
1759 2547 1836 2589 the

339 2613 400 2661 98
