1866 2964
798 160 887 208 ST.
927 161 1335 209 AL'GUSTINE

312 296 582 339 caritatem
616 300 669 339 et
704 292 944 340 affectum
976 293 1190 356 inploro,
1223 302 1282 341 ut
1313 298 1599 342 miserearis
1631 300 1733 343 mei
1767 303 1822 343 et

313 362 562 408 concedas
586 360 709 406 mihi
736 362 800 408 ad
825 361 919 408 hoc
949 363 1086 424 quod
1115 366 1307 425 rogavi,
1332 370 1538 426 tempus
1569 372 1821 427 quantum

314 433 506 492 rogavi,
533 436 689 492 atque
717 430 925 476 adiuves
950 447 1033 476 me
1060 432 1373 477 orationibus
1399 435 1519 488 tuis,
1544 439 1603 478 ut
1628 449 1731 479 non
1755 436 1823 479 sit,

312 499 463 542 inane
509 497 818 543 desiderium
863 515 1036 544 meum
1080 515 1175 545 nec
1218 498 1533 546 infructuosa
1578 500 1821 547 ecclesiae

314 563 501 611 Christi
531 572 688 628 atque
719 565 932 612 utilitati
961 565 1178 612 fratrum
1211 574 1264 613 et
1294 584 1654 614 conservorum
1683 585 1823 615 meo-

312 649 425 678 rum
461 633 695 679 absentia
730 650 862 680 mea.
931 633 1043 680 Scio
1080 635 1218 697 quod
1251 634 1389 681 illam
1424 639 1695 682 caritatem
1730 653 1823 699 pro

313 717 396 746 me
430 708 664 747 orantem
697 705 921 748 maxime
954 706 1006 747 in
1040 702 1130 748 tali
1165 720 1317 749 causa
1350 720 1451 749 non
1486 704 1702 766 despicit
1736 705 1824 751 do-

312 772 479 815 minus
518 776 570 815 et
610 786 724 815 eam
761 773 892 816 sicut
929 771 1227 817 sacrificium
1265 774 1531 818 suavitatis
1570 775 1822 835 accipiens

313 835 541 883 fortassis
566 838 796 884 breviore
823 845 1075 900 tempore,
1102 856 1256 901 quam
1280 838 1553 902 postulavi,
1577 857 1661 886 me
1693 840 1824 887 salu-

312 905 543 953 berrimis
565 905 782 953 consiliis
804 907 867 953 de
890 910 1149 969 scripturis
1172 911 1272 953 suis
1293 908 1477 955 reddet
1498 911 1822 955 instructum.

826 1089 920 1137 No.
947 1094 973 1136 8
1000 1090 1116 1154 (Ep.
1141 1090 1318 1153 XXII)

343 1198 632 1240 AURELIO
663 1198 965 1240 EPISCOPO
995 1199 1407 1241 AUGUSTINUS
1440 1200 1804 1242 PRESBYTER

267 1303 287 1342 l
380 1295 419 1341 I.
460 1295 573 1354 Qua
592 1299 759 1359 gratia
779 1297 1143 1359 responderem
1165 1295 1350 1343 litteris
1374 1300 1662 1344 sanctitatis
1682 1305 1825 1355 tuae,

313 1381 427 1410 cum
458 1365 544 1411 diu
573 1363 833 1410 haesitans
863 1382 964 1410 non
993 1368 1508 1427 reperirem—omnia
1539 1369 1674 1412 enim
1704 1370 1824 1413 vicit

313 1431 524 1478 affectus
545 1435 699 1478 animi
717 1436 837 1487 mei,
856 1450 1010 1495 quem
1029 1436 1130 1478 iam
1151 1440 1333 1495 sponte
1353 1441 1652 1496 surgentem
1670 1433 1824 1481 lectio

314 1500 565 1562 epistulae
604 1508 726 1547 tuae
765 1500 927 1547 multo
967 1502 1229 1547 ardentius
1269 1505 1825 1558 excitavit,—commisi

313 1585 396 1614 me
418 1575 594 1614 tamen
616 1569 732 1624 deo,
754 1572 839 1631 qui
861 1586 952 1631 pro
974 1570 1161 1615 viribus
1182 1573 1309 1615 meis
1330 1577 1629 1632 operaretur
1649 1573 1701 1616 in
1721 1587 1824 1627 me,

314 1643 372 1682 ut
409 1653 469 1682 ea
504 1637 855 1692 rescriberem,
891 1654 1023 1699 quae
1060 1641 1265 1699 utrique
1300 1645 1531 1684 nostrum
1566 1639 1736 1685 studio
1771 1642 1824 1685 in

315 1704 519 1750 domino
555 1711 607 1750 et
641 1722 759 1750 cura
796 1704 1135 1751 ecclesiastica
1169 1722 1260 1767 pro
1294 1713 1383 1751 tua
1417 1710 1735 1768 praestantia
1770 1713 1825 1753 et

313 1788 429 1818 mea
463 1773 898 1819 obsecundatione
932 1780 1290 1836 congruerent.
1359 1774 1534 1836 Atque
1567 1773 1693 1821 illud
1725 1778 1824 1837 pri-

313 1857 472 1895 mum,
503 1841 639 1903 quod
669 1841 982 1886 orationibus
1011 1845 1138 1887 meis
1168 1848 1222 1887 te
1253 1841 1480 1887 adiuvari
1511 1843 1692 1898 credis,
1722 1860 1823 1889 non

314 1907 475 1954 solum
504 1925 605 1954 non
633 1907 860 1971 defugio,
887 1925 1063 1954 verum
1093 1912 1249 1956 etiam
1275 1908 1498 1956 libenter
1525 1909 1822 1972 amplector.

315 1975 396 2022 Ita
435 1980 569 2021 enim
609 1979 706 2022 etsi
742 1994 843 2022 non
881 1980 1025 2032 meiS,
1062 1984 1115 2022 at
1153 1984 1292 2023 certe
1330 1981 1431 2023 tuis
1467 1994 1551 2023 me
1588 1978 1822 2025 dominus

313 2050 488 2089 noster
522 2045 782 2090 exaudiet.
852 2044 1003 2102 Quod
1036 2043 1249 2091 fratrem
1284 2044 1529 2108 Alypium
1562 2049 1615 2091 in
1649 2053 1824 2093 nostra

312 2115 668 2157 coniunctione
692 2115 955 2167 mansisse,
980 2119 1037 2158 ut
1063 2111 1299 2175 exemplo
1323 2117 1389 2159 sit
1411 2111 1653 2160 fratribus
1677 2131 1822 2161 curas

312 2180 489 2225 mundi
546 2179 694 2225 huius
749 2183 908 2226 vitare
961 2181 1304 2242 cupientibus,
1355 2180 1821 2228 benivolentissime

383 2282 402 2300 ⁰
431 2278 682 2329 Augustine
706 2278 797 2317 first
828 2282 916 2317 met
949 2277 1154 2318 Aurelius
1184 2282 1229 2317 at
1259 2278 1481 2330 Carthage
1501 2280 1545 2318 in
1571 2281 1669 2326 388,
1691 2279 1818 2319 when

323 2331 530 2371 Aurelius
552 2346 640 2371 was
668 2346 694 2371 a
725 2332 892 2372 deacon
915 2333 1033 2379 (Cir.
1056 2333 1154 2379 Dei,
1176 2334 1277 2373 xxii.
1300 2336 1340 2373 8.
1362 2334 1422 2384 3),
1445 2331 1534 2372 and
1564 2333 1685 2373 there
1706 2347 1818 2374 were

324 2385 412 2425 laid
433 2386 507 2426 the
530 2386 796 2438 beginnings
812 2387 863 2426 of
880 2401 905 2426 a
928 2386 1033 2438 long
1054 2385 1143 2426 and
1165 2387 1279 2427 close
1295 2387 1557 2437 friendship.
1611 2388 1818 2428 Aurelius

322 2438 563 2480 succeeded
594 2445 640 2480 to
669 2441 743 2480 the
774 2454 843 2480 see
874 2442 923 2480 of
953 2441 1175 2493 Carthage
1207 2443 1249 2481 in
1280 2444 1358 2482 391
1393 2455 1442 2481 or
1479 2444 1578 2489 392,
1608 2442 1697 2482 and
1729 2456 1818 2483 was

321 2493 407 2533 still
438 2496 481 2534 in
512 2495 636 2534 office
667 2496 710 2534 in
738 2498 835 2535 426.
899 2495 963 2535 To
991 2495 1083 2534 him
1113 2497 1364 2547 Augustine
1394 2494 1627 2536 dedicated
1657 2496 1724 2536 his
1752 2497 1819 2537 De

323 2548 555 2596 Τνὶηέίαΐε,
577 2549 643 2588 De
666 2549 807 2589 Gestis
829 2549 1020 2602 Palam-i,
1044 2547 1132 2589 and
1153 2549 1219 2590 De
1242 2549 1380 2602 Opere
1403 2549 1733 2592 Monachorum.

320 2619 384 2658 40
