1866 2964
737 162 827 211 ST.
866 163 1276 211 AUGUSTINE

249 295 422 359 procul
445 296 599 343 dubio
623 295 844 343 libenter
866 300 1143 360 ignoscitis,
1168 298 1470 359 praesertim
1495 297 1753 359 quoniam,

250 368 290 411 si
344 368 704 411 suscenseretis
760 372 813 411 et
867 364 1064 411 velletis
1119 363 1305 420 ulcisci,
1359 362 1484 410 nihil
1536 362 1752 410 fortasse

249 436 450 496 gravius
484 435 797 488 inveniretis,
832 449 986 496 quam
1032 432 1085 479 id
1127 432 1263 495 quod
1309 434 1477 494 patior
1518 447 1633 478 cum
1666 447 1752 491 vos

250 500 504 564 Tagastae
544 517 646 547 non
684 501 847 547 video.
917 499 1075 563 Spero
1115 507 1291 547 autem
1329 503 1509 546 vestris
1549 499 1752 546 adiutus

250 569 578 624 orationibus,
610 568 747 631 quod
776 567 899 614 mihi
931 569 995 615 ad
1025 585 1129 624 vos,
1160 569 1469 631 ubicumque
1498 570 1551 613 in
1580 565 1754 613 Africa

250 635 465 692 fueritis,
491 640 664 683 venire
692 639 992 700 quantocius
1023 636 1349 691 concedetur,
1376 652 1491 682 cum
1522 634 1618 682 hoc
1653 651 1754 697 quo

250 721 383 751 nunc
418 704 661 751 detentus
697 721 826 760 sum,
861 707 1203 767 praeterierit,
1238 708 1279 750 si
1316 703 1444 750 haec
1485 706 1660 749 civitas
1702 705 1755 748 in

250 789 351 835 qua
383 772 688 828 laboramus,
722 773 877 836 digna
910 789 1012 818 non
1047 779 1142 829 est,
1177 775 1296 834 quia
1329 788 1424 818 nec
1459 788 1555 835 ego
1589 770 1754 817 audeo

249 841 458 904 dignam
485 848 687 903 putare,
718 857 850 904 quae
880 841 1142 887 nobiscum
1171 840 1236 887 de
1266 847 1436 887 vestra
1462 841 1755 902 praesentia

250 908 585 956 conlaetetur.

710 1092 804 1139 No.
832 1097 892 1140 33
918 1092 1034 1156 (Ep.
1062 1091 1299 1156 CXXVI)

258 1201 562 1244 DOMINAE
594 1201 880 1244 SANCTAE
911 1202 991 1243 AC
1021 1201 1415 1243 VENERABILI
1447 1200 1759 1242 FAMULAE
1786 1256 1791 1261 ⁵

374 1267 831 1374 ξξὲυξὲΞΙΝΑΕ
895 1266 1308 1308 AUGUSTINUS
1367 1266 1434 1307 IN
1496 1264 1758 1307 DOMINO

211 1460 225 1497 l
317 1451 561 1499 Dolorem
591 1454 745 1498 animi
781 1454 876 1508 tui,
905 1468 1060 1515 quem
1088 1458 1142 1499 te
1172 1451 1345 1498 scribis
1376 1449 1629 1514 explicare
1658 1466 1760 1496 non

251 1537 417 1583 posse,
447 1519 693 1567 consolari
724 1536 946 1583 aequum
977 1526 1074 1575 est,
1104 1537 1206 1566 non
1236 1536 1445 1583 augere,
1475 1526 1550 1575 ut,
1580 1521 1622 1565 si
1652 1518 1760 1564 fieri

252 1596 443 1651 potest,
488 1605 724 1635 sanemus
770 1591 1080 1650 suspiciones
1124 1595 1258 1644 tuas,
1302 1604 1405 1634 non
1449 1594 1509 1634 ut
1553 1589 1624 1633 eis
1668 1602 1760 1649 pro

252 1664 426 1703 nostra
461 1673 614 1703 causa
650 1656 992 1703 suscensendo
1019 1656 1368 1703 venerandum
1403 1672 1488 1702 cor
1519 1661 1667 1702 tuum
1706 1661 1761 1700 et

252 1725 350 1772 deo
393 1725 619 1772 dicatum
665 1723 879 1786 amplius
929 1725 1304 1787 perturbemus.
1377 1722 1563 1770 Sancto
1615 1720 1757 1769 fratri

252 1800 425 1840 nostro
465 1792 568 1839 filio
606 1799 696 1839 tuo
739 1792 951 1839 Piniano
998 1791 1163 1839 nullus
1213 1793 1277 1838 ab
1326 1791 1758 1854 Hipponiensibus

252 1868 421 1907 metus
454 1864 630 1907 mortis
677 1863 907 1924 ingestus
956 1867 1052 1916 est,
1086 1863 1286 1907 etiamsi
1331 1858 1465 1906 forte
1503 1862 1612 1922 ipse
1655 1857 1759 1905 tale

253 1928 444 1992 aliquid
479 1932 676 1984 timuit3
713 1945 832 1974 nam
870 1936 923 1975 et
955 1945 1045 1975 nos
1084 1929 1443 1975 metuebamus
1479 1943 1544 1973 ne
1578 1927 1642 1973 ab
1673 1925 1760 1972 ali-

253 1998 436 2061 quibus
472 1997 703 2060 perditis,
741 2000 827 2060 qui
863 2013 1018 2059 saepe
1054 1996 1371 2043 multitudini
1410 1994 1609 2042 occulta
1644 2011 1759 2041 con-

315 2176 334 2195 ⁰
363 2170 509 2211 When
538 2169 720 2218 Albina‚
753 2169 967 2217 Melania,
997 2169 1087 2210 and
1118 2169 1332 2210 Pinianus
1360 2182 1487 2210 came
1514 2173 1561 2210 to
1591 2168 1759 2220 Hippo,

255 2225 330 2267 the
345 2224 503 2278 people
518 2225 656 2272 there,
673 2224 842 2265 allured
859 2224 920 2276 by
938 2223 1188 2264 Pinianus's
1209 2223 1385 2272 wealth,
1401 2223 1566 2276 sought
1581 2227 1626 2264 to
1647 2222 1759 2263 have

263 2280 476 2320 Pinianus
486 2279 678 2331 forcibly
694 2279 922 2320 ordained.
955 2279 1208 2332 Augustine
1223 2292 1314 2319 was
1329 2277 1494 2319 unable
1512 2282 1558 2319 to
1574 2278 1759 2318 restrain

257 2335 379 2375 thern
397 2335 513 2374 from
543 2336 791 2386 extracting
817 2335 934 2374 from
959 2334 1171 2374 Pinianus
1198 2347 1256 2373 an
1286 2333 1393 2373 oath
1412 2333 1510 2374 that
1528 2332 1583 2372 he
1611 2330 1759 2372 would

257 2395 335 2430 not
353 2388 475 2429 leave
495 2389 647 2440 Hippo
667 2388 757 2428 and
778 2387 924 2428 would
946 2394 1024 2430 not
1044 2390 1210 2429 receive
1236 2387 1488 2428 ordination
1509 2386 1759 2434 elsewhere,

256 2444 338 2485 but
357 2443 431 2485 the
454 2445 554 2491 trio,
576 2442 746 2494 despite
776 2442 850 2483 the
880 2442 1001 2491 oath,
1021 2441 1228 2484 returned
1250 2446 1355 2483 next
1374 2441 1464 2494 day
1484 2446 1529 2482 to
1550 2440 1757 2493 Tagaste.

258 2499 429 2539 Letters
458 2498 778 2538 cxxv.-cxxviii.
808 2497 913 2538 then
941 2497 1100 2549 passed
1128 2497 1326 2538 between
1354 2497 1622 2549 Augustine‚
1651 2493 1760 2547 Aly-

256 2555 371 2605 pius,
389 2552 477 2592 and
496 2551 676 2599 Albina,
693 2551 878 2603 warmly
891 2551 1142 2605 discussing
1157 2552 1231 2593 the
1244 2551 1430 2602 validity
1442 2551 1494 2591 of
1506 2549 1758 2590 Pinianus's

261 2624 357 2663 2⁶22
