1866 2964
784 214 875 261 ST.
913 215 1322 262 AUGUSTINE

297 361 478 409 semper
522 344 683 393 habet
731 345 794 392 ad
839 346 1092 404 dominum,
1140 347 1361 412 quoniam
1406 347 1507 413 ipse
1545 348 1705 396 evellet
1749 347 1807 395 de

298 413 465 478 laqueo
495 413 654 478 pedes.
723 414 857 462 Talis
901 419 1034 462 actio
1076 433 1171 462 nec
1213 415 1418 481 frigitur
1458 420 1668 481 negotio
1708 433 1804 463 nec

297 480 483 545 frigida
513 490 592 529 est
624 486 728 529 otio
760 499 855 530 nec
886 483 1188 531 turbulenta
1215 501 1310 531 nec
1340 486 1567 532 marcida
1599 492 1678 532 est
1709 501 1806 531 nec

300 550 468 596 audax
514 567 609 597 nec
649 549 809 615 fugax
853 568 949 598 nec
993 569 1239 616 praeceps
1279 569 1374 600 nec
1414 556 1601 600 iacens.
1670 552 1806 598 Haec

309 617 436 681 agite
458 624 501 664 et
521 617 635 665 deus
652 619 790 683 pacis
812 619 898 666 erit
920 619 1166 667 vobiscum.

361 685 469 732 Nec
492 690 842 749 importunum
867 705 950 734 me
978 692 1240 735 existimet
1265 691 1449 735 caritas
1473 695 1661 745 vestra,
1687 691 1807 752 quia

298 754 558 801 vobiscum
589 754 729 818 loqui
761 755 842 802 vel
871 773 965 819 per
998 756 1270 820 epistulam
1302 756 1452 803 volui.
1521 757 1637 804 Non
1670 759 1806 803 enim

298 820 394 868 hoc
428 840 515 869 vos
548 827 742 880 monui,
777 825 915 887 quod
949 842 1035 871 vos
1070 842 1173 871 non
1208 826 1425 871 arbitror
1458 823 1664 881 facere;
1716 825 1807 872 sed

299 890 490 937 credidi
511 908 595 938 me
620 909 721 938 non
747 909 928 954 parum
953 893 1299 940 commendari
1322 893 1419 940 deo
1447 910 1476 939 a
1497 894 1656 949 vobis,
1680 896 1721 939 si
1746 909 1808 939 ea

300 975 432 1021 quae
464 976 677 1006 munere
708 959 840 1007 illius
871 959 1056 1017 facitis,
1088 978 1204 1008 cum
1237 960 1571 1008 adlocutionis
1601 967 1807 1008 nostrae

299 1030 545 1074 memoria
578 1026 793 1075 faciatis.
863 1028 996 1075 Nam
1032 1036 1085 1076 et
1121 1036 1242 1076 ante
1275 1032 1378 1075 iam
1412 1027 1551 1076 fama
1586 1035 1641 1076 et
1673 1045 1809 1076 nunc

298 1093 501 1151 fratres,
534 1099 621 1158 qui
652 1104 905 1143 venerunt
939 1114 969 1143 a
998 1098 1158 1153 vobis,
1190 1098 1456 1144 Eustasius
1489 1105 1543 1145 et
1575 1097 1809 1144 Andreas

300 1163 491 1209 bonum
533 1163 720 1211 Christi
760 1165 969 1211 odorem
1011 1166 1074 1213 de
1116 1173 1287 1212 vestra
1327 1172 1505 1212 sancta
1544 1182 1808 1212 conversa-

300 1234 439 1278 tione
469 1232 534 1279 ad
561 1249 651 1279 nos
680 1232 994 1280 adtulerunt.
1064 1234 1293 1292 Quorum
1320 1234 1587 1280 Eustasius
1613 1236 1667 1279 in
1694 1249 1809 1280 eam

299 1303 529 1362 requiem
557 1304 854 1363 praecessit,
883 1318 1016 1365 quae
1045 1301 1193 1348 nullis
1221 1301 1460 1348 fluctibus
1488 1305 1619 1348 sicut
1645 1301 1811 1348 insula

298 1368 551 1424 tunditur,
587 1386 682 1415 nec
719 1369 1013 1432 Caprariam
1050 1370 1327 1427 desiderat,
1364 1373 1485 1434 quia
1519 1386 1615 1417 nec
1650 1368 1810 1416 cilicio

304 1438 406 1482 iam
430 1440 632 1500 quaerit
654 1438 813 1485 indui.

851 1547 944 1595 No.
975 1554 1033 1595 16
1057 1548 1173 1612 (Ep.
1201 1547 1264 1611 L)

308 1633 712 1676 DL'CTORIBUS
766 1636 845 1676 AC
897 1635 1300 1677 PRINCIPIBUS
1351 1635 1477 1677 VEL
1528 1635 1810 1677 SENIORI-

428 1699 545 1741 BL‘S
596 1699 920 1741 COLONIAE
970 1700 1345 1742 SUFETANAE
1391 1699 1804 1742 AUGUSTINUS

426 1764 767 1806 EPISCOPUS

369 1851 713 1898 Immanitatis
756 1860 957 1899 vestrae
1000 1852 1393 1900 famosissimum
1436 1852 1599 1899 scelus
1644 1859 1697 1899 et
1739 1855 1814 1898 in—

367 1956 385 1974 0
420 1950 489 1991 Ps.
512 1953 626 1991 xxiv.
655 1955 719 1991 15.
1046 1951 1061 1975 ⁶
1096 1951 1208 1992 Phil.
1232 1953 1287 1992 iv.
1311 1954 1336 1992 9
1357 1967 1368 1997 ς
1400 1953 1425 1991 2
1449 1950 1549 1992 Cor.
1571 1953 1661 1991 xiii.
1689 1955 1753 1992 11.

368 2011 382 2029 ⁶
414 2005 507 2045 The
527 2005 792 2058 goat's-hair
807 2010 1028 2059 garment,
1046 2006 1121 2047 the
1138 2006 1260 2046 chief
1271 2004 1424 2046 article
1440 2007 1491 2047 of
1504 2006 1814 2046 manufacture

310 2073 367 2099 on
382 2059 612 2112 Capraria,
630 2061 655 2076 ‘⁶
670 2060 744 2101 the
757 2061 1079 2113 goat-island.'’
1120 2061 1161 2101 It
1176 2074 1267 2101 was
1279 2075 1305 2101 a
1322 2060 1466 2113 rough
1481 2064 1688 2113 garment
1703 2059 1812 2101 used

311 2114 372 2166 by
391 2115 466 2155 the
486 2128 611 2167 poor,
632 2114 694 2167 by
714 2117 936 2167 penitents
956 2129 1004 2156 as
1025 2129 1051 2156 a
1071 2118 1171 2168 sign
1191 2117 1242 2156 of
1256 2116 1385 2168 grief,
1405 2115 1495 2155 and
1516 2115 1579 2167 by
1598 2114 1776 2156 monks.

368 2169 386 2193 α
419 2168 565 2217 Sufes,
582 2183 682 2210 now
698 2170 853 2218 Sbiba,
870 2173 905 2211 is
922 2173 965 2211 in
981 2170 1180 2217 Tunisia‚
1197 2184 1303 2211 near
1317 2170 1393 2211 the
1407 2169 1622 2223 Algerian
1637 2169 1812 2210 border.

312 2223 353 2264 It
381 2237 471 2264 was
501 2238 527 2264 a
556 2225 783 2265 castellum
813 2225 955 2265 under
982 2225 1057 2266 the
1087 2224 1209 2277 early
1239 2224 1436 2277 Empire,
1465 2224 1548 2266 but
1575 2224 1759 2265 became
1787 2238 1814 2264 a

310 2277 471 2330 colony
505 2278 645 2320 about
677 2279 753 2320 the
786 2281 893 2321 time
929 2281 979 2320 of
1013 2281 1194 2321 Marcus
1230 2278 1454 2326 Aurelius,
1489 2292 1538 2319 as
1571 2279 1647 2320 the
1682 2292 1814 2319 name

312 2333 526 2373 indicates
538 2334 727 2383 (colonia
741 2335 933 2375 Aurelia
948 2334 1197 2386 Sufetana).
1245 2333 1287 2375 It
1304 2333 1392 2374 had
1411 2333 1524 2374 been
1542 2347 1569 2373 a
1586 2333 1813 2386 bishopric

311 2390 430 2428 since
452 2392 498 2428 at
519 2387 629 2428 least
649 2403 744 2429 Aa).
767 2391 867 2436 255,
890 2388 971 2430 but
993 2388 1284 2441 Augustine's
1305 2387 1531 2441 language
1551 2387 1696 2428 shows
1716 2387 1816 2429 that

311 2442 386 2483 the
421 2442 628 2495 majority
655 2444 706 2484 of
734 2445 789 2484 its
824 2444 1099 2484 inhabitants
1126 2457 1239 2484 were
1272 2442 1361 2483 still
1390 2456 1555 2495 pagan.
1631 2441 1685 2483 In
1711 2455 1816 2483 con-

311 2509 545 2549 sequence,
574 2497 855 2550 apparently,
894 2499 945 2539 of
978 2498 1053 2539 the
1091 2497 1340 2550 legislation
1372 2497 1423 2538 of
1450 2500 1550 2544 399,
1579 2495 1642 2548 by
1670 2495 1814 2537 which

313 2551 539 2592 Honorius
577 2552 761 2593 ordered
799 2553 874 2593 the
911 2552 1082 2604 closing
1119 2554 1170 2593 of
1202 2565 1352 2604 pagan
1388 2550 1576 2604 temples
1613 2550 1704 2591 and
1740 2551 1816 2591 the

311 2605 584 2647 destruction
618 2608 669 2647 of
698 2606 810 2647 idols
843 2606 973 2659 (Cocl.
1013 2607 1167 2647 Theod.
1202 2621 1294 2647 xw.
1330 2620 1371 2647 x.
1412 2608 1477 2654 16,
1517 2609 1582 2654 17,
1621 2606 1706 2658 18),
1740 2605 1816 2646 the

314 2670 405 2718 116
