1866 2964
730 195 820 243 ST.
860 195 1268 243 AUGUSTINE

247 346 350 385 eos,
382 345 497 375 cum
528 327 623 375 hoc
655 329 744 374 abs
776 334 830 374 te
862 331 1075 390 petitur,
1106 344 1276 374 rerum
1308 336 1563 376 certarum
1593 332 1754 375 mani-

241 417 523 465 festissimis
544 418 861 464 documentis
880 417 1016 479 apud
1037 425 1150 464 acta
1170 417 1250 463 vel
1268 421 1615 480 praestantiae
1632 425 1753 465 tuae

248 507 328 553 vel
353 511 603 553 minorum
629 507 852 553 iudicum
883 510 1109 553 convinci
1140 514 1295 570 atque
1325 510 1505 554 instrui
1529 510 1757 570 patiaris,

247 604 304 643 ut
338 604 389 643 et
423 600 517 659 ipsi
548 600 634 659 qui
671 604 724 642 te
761 596 972 642 iubente
1007 596 1322 652 adtinentur,
1352 597 1548 653 duram,
1579 600 1619 643 si
1649 596 1757 643 fieri

248 693 438 748 potest,
475 684 687 732 flectant
723 688 775 731 in
811 684 990 731 melius
1028 684 1348 732 voluntatem
1386 692 1439 732 et
1477 702 1537 732 ea
1573 688 1756 732 ceteris

249 774 521 820 salubriter
541 773 733 837 legant.
805 773 1078 820 Onerosior
1102 781 1179 820 est
1202 777 1391 837 quippe
1414 791 1567 838 quam
1590 774 1759 821 utilior

250 863 533 927 diligentia,
565 866 793 926 quamvis
831 870 888 909 ut
917 880 1161 927 magnum
1191 864 1457 910 deseratur
1484 863 1675 910 malum
1705 870 1759 911 et

250 970 495 1016 magnum
519 953 710 999 bonum
735 959 994 1008 teneatur,
1020 956 1131 1016 cogi
1156 960 1361 1000 tantum
1385 952 1633 1010 homines,
1657 969 1759 1000 non

255 1043 439 1089 doceri.

767 1216 860 1262 No.
891 1221 949 1262 28
977 1216 1092 1280 (Ep.
1123 1216 1212 1280 CI)

259 1346 519 1388 DOMINO
562 1346 945 1387 BEATISSIMO
986 1347 1062 1387 ET
1102 1347 1623 1388 VENERABILITER
1661 1348 1762 1389 CA-

382 1411 644 1453 RISSIMO
681 1412 757 1452 ET
792 1411 1243 1453 SINCERISSIMO
1277 1412 1763 1455 DESIDERANTIS-

379 1476 536 1518 SIMO
590 1477 817 1517 FRATRI
878 1477 954 1517 ET
1013 1476 1397 1519 COEPISCOPO
1452 1477 1760 1519 MEMORIO

382 1541 792 1583 AUGUSTINUS
825 1542 892 1582 IN
924 1541 1184 1583 DOMINO
1216 1542 1514 1584 SALUTEM

315 1660 490 1707 Nullas
523 1661 678 1708 debui
708 1664 810 1707 iam
841 1662 1058 1708 reddere
1089 1661 1289 1709 litteras
1321 1669 1530 1709 sanctae
1561 1666 1764 1710 caritati

250 1758 371 1796 tuae
415 1753 522 1796 sine
564 1749 641 1796 his
689 1750 827 1798 libris
870 1768 996 1814 quos
1038 1767 1066 1797 a
1104 1768 1188 1797 me
1228 1755 1391 1798 sancti
1431 1755 1614 1799 amoris
1652 1755 1762 1799 iure

247 1839 613 1886 violentissimo
658 1839 922 1903 flagitasti,
966 1847 1025 1886 ut
1069 1839 1163 1887 hac
1207 1840 1391 1887 saltem
1436 1841 1765 1888 oboedientia

248 1929 611 1990 responderem
639 1928 869 1990 epistulis
895 1932 1016 1985 tuis,
1042 1930 1226 1992 quibus
1252 1946 1335 1976 me
1361 1933 1524 1994 magis
1550 1945 1764 1977 onerare

249 2034 403 2081 quam
448 2016 697 2064 honorare
745 2018 986 2081 dignatus
1025 2035 1094 2065 es.
1166 2018 1492 2082 Quamquam
1529 2020 1615 2066 ubi
1651 2036 1762 2066 suc-

251 2107 434 2153 cumbo
468 2109 587 2169 quia
621 2122 818 2162 oneror,
843 2108 913 2153 ibi
939 2110 1115 2163 etiam,
1141 2111 1261 2171 quia
1285 2107 1484 2172 diligor,
1509 2107 1759 2155 sublevor.

252 2195 434 2258 Neque
469 2198 605 2241 enim
631 2211 659 2241 a
693 2194 924 2258 quolibet
957 2196 1155 2260 diligor,
1181 2196 1434 2253 sublevor,
1468 2196 1642 2261 eligor,
1669 2197 1761 2244 sed

251 2286 314 2331 ab
334 2301 394 2331 eo
412 2287 516 2331 viro
536 2291 589 2331 et
607 2284 797 2331 domini
815 2286 1100 2341 sacerdote,
1118 2302 1271 2349 quem
1290 2289 1359 2332 sic
1377 2293 1645 2349 acceptum
1663 2286 1761 2333 deo

316 2420 334 2437 ‘¹
370 2413 616 2453 Memorius
652 2426 741 2453 was
776 2428 801 2453 a
837 2414 997 2466 bishop
1033 2417 1077 2454 in
1115 2414 1247 2467 Italy,
1282 2416 1474 2468 perhaps
1508 2420 1555 2456 at
1590 2415 1761 2468 Capua.

260 2469 331 2508 An
365 2470 567 2508 intimate
597 2468 742 2508 friend
776 2469 827 2508 of
854 2470 1160 2521 Augustine’s,
1194 2470 1248 2511 he
1281 2472 1316 2510 is
1349 2484 1470 2511 more
1502 2469 1682 2511 notable
1713 2483 1762 2510 as

259 2522 513 2629 {gieelassglger
549 2523 600 2563 of
630 2522 784 2563 Julian
821 2524 872 2564 of
903 2523 1123 2565 Eclanum
1160 2524 1434 2578 (mentioned
1470 2526 1515 2565 in
1552 2526 1651 2577 §4),
1686 2524 1762 2566 the

266 2649 356 2690 188
