1850 2964
199 304 250 343 15

192 1725 244 1764 16

761 160 852 211 ST.
891 161 1298 210 AUGUSTINE

341 295 669 359 Praepositae
720 303 986 359 tamquam
1035 298 1189 342 matri
1239 296 1541 343 oboediatur
1589 293 1781 342 honore

275 371 494 419 servato,
541 380 606 410 ne
653 366 705 409 in
751 363 837 409 illa
883 362 1171 411 offendatur
1218 364 1362 419 deus,
1407 363 1571 410 multo
1616 365 1781 426 magis

273 433 593 495 presbytero,
631 434 717 494 qui
753 434 979 478 omnium
1015 439 1242 478 vestrum
1278 448 1451 478 curam
1485 434 1635 495 gerit.
1705 430 1782 477 Ut

274 515 396 562 ergo
426 506 611 545 cuncta
639 502 737 545 ista
767 506 1034 546 serventur
1065 506 1136 555 et,
1167 503 1207 546 si
1238 500 1362 562 quid
1390 506 1649 546 servatum
1678 515 1781 544 non

272 565 446 622 fuerit,
477 584 579 613 non
608 566 948 630 neglegenter
977 574 1351 630 praetereatur,
1383 567 1475 613 sed
1505 566 1781 623 emendan-

272 634 395 681 dum
420 635 877 698 corrigendumque
913 642 1136 691 curetur,
1163 635 1228 682 ad
1267 637 1612 713 praepositam
1636 649 1783 697 prae-

273 705 419 764 cipue
457 702 756 764 pertinebit,
792 706 867 749 ita
903 710 961 749 ut
999 703 1063 750 ad
1101 704 1479 771 presbyterum,
1516 705 1603 765 qui
1639 702 1780 748 vobis

272 770 514 825 intendit,
538 768 730 816 referat
756 771 893 833 quod
916 771 1125 817 modum
1150 769 1231 816 vel
1259 773 1389 816 vires
1421 773 1528 816 eius
1559 769 1778 817 excedit.

274 837 392 899 Ipsa
420 854 539 884 vero
568 855 670 884 non
698 854 751 884 se
782 841 1043 885 existimet
1071 845 1334 900 potestate
1364 839 1661 885 dominante
1690 836 1782 883 sed

272 908 487 951 caritate
510 909 764 952 sermente
785 904 1002 952 felicem.
1073 906 1281 953 Honore
1302 923 1472 952 coram
1491 905 1780 952 hominibus

271 972 503 1035 praelata
538 977 603 1020 sit
638 975 796 1029 vobis,
832 991 1001 1020 coram
1038 975 1134 1021 deo
1169 975 1429 1021 substrata
1464 977 1530 1020 sit
1563 973 1780 1037 pedibus

272 1044 468 1087 vestris.
539 1041 683 1087 Circa
733 1058 908 1088 omnes
958 1058 1012 1088 se
1059 1045 1223 1105 ipsam
1271 1043 1519 1089 bonorum
1568 1057 1780 1104 operum

270 1110 520 1171 praebeat
544 1109 852 1172 exemplum.
923 1109 1175 1172 Corripiat
1196 1112 1470 1173 inquietas,
1493 1108 1781 1156 consoletur

269 1175 633 1238 pusillanimes,
654 1180 895 1240 suscipiat
914 1178 1156 1233 infirmas,
1175 1181 1377 1240 patiens
1398 1181 1464 1224 sit
1485 1177 1550 1224 ad
1569 1193 1744 1224 omnes
1769 1191 1781 1232 ;

270 1244 585 1307 disciplinam
644 1244 806 1291 libens
864 1245 1073 1301 habeat,
1118 1253 1355 1292 metuens
1413 1249 1641 1308 inponat.
1710 1244 1781 1291 Et

270 1315 498 1374 quamvis
542 1320 817 1376 utrumque
865 1316 930 1360 sit
977 1317 1336 1370 necessarium,
1378 1321 1555 1360 tamen
1595 1312 1708 1376 plus
1752 1329 1782 1358 a

270 1380 410 1426 vobis
452 1384 609 1426 amari
647 1388 863 1443 appetat
903 1398 1057 1444 quam
1093 1385 1279 1438 timeri,
1311 1398 1514 1444 semper
1549 1383 1780 1445 cogitans

270 1448 366 1494 deo
401 1464 454 1494 se
489 1465 580 1510 pro
614 1450 754 1495 vobis
788 1449 1106 1496 reddituram
1142 1466 1252 1496 esse
1284 1453 1554 1496 rationem.
1625 1448 1778 1496 Unde

268 1519 431 1578 magis
477 1517 814 1572 oboediendo,
852 1534 955 1563 non
1000 1517 1161 1564 solum
1207 1521 1363 1564 vestri
1398 1534 1575 1564 verum
1621 1519 1778 1563 etiam

268 1586 423 1645 ipsius
471 1587 798 1640 miseremini,
847 1589 965 1648 quia
1012 1589 1148 1632 inter
1197 1602 1281 1632 vos
1329 1593 1523 1649 quanto
1569 1588 1623 1631 in
1667 1584 1777 1631 loco

268 1654 542 1713 superiore,
569 1659 717 1698 tanto
741 1656 793 1698 in
816 1652 1040 1715 periculo
1064 1657 1255 1699 maiore
1280 1661 1526 1700 versatur.

335 1719 509 1765 Donet
563 1720 796 1766 dominus
845 1728 903 1766 ut
951 1722 1230 1768 observetis
1278 1721 1405 1768 haec
1449 1723 1619 1768 omnia
1661 1737 1776 1767 cum

267 1785 539 1833 dilectione
559 1795 824 1851 tamquam
844 1788 1081 1851 spiritalis
1099 1788 1488 1852 pulchritudinis
1509 1791 1776 1835 amatrices

268 1861 321 1900 et
362 1855 496 1901 bono
539 1856 692 1902 odore
736 1855 922 1902 Christi
965 1857 1029 1904 de
1078 1857 1211 1903 bona
1253 1860 1636 1904 conversatione
1678 1854 1777 1902 fra-

267 1921 486 1984 glantes,
514 1940 615 1969 non
641 1927 771 1970 sicut
797 1923 1008 1970 ancillae
1035 1926 1128 1971 sub
1153 1924 1286 1989 lege,
1314 1925 1405 1972 sed
1429 1928 1560 1971 sicut
1582 1924 1774 1971 liberae

267 1991 360 2036 sub
407 1994 575 2054 gratia
617 1995 946 2038 constitutae.
1018 1993 1093 2039 Ut
1141 2000 1316 2039 autem
1359 2010 1444 2039 vos
1483 1996 1537 2038 in
1581 1991 1677 2038 hoc
1717 1991 1774 2038 li-

266 2057 401 2103 bello
432 2066 697 2121 tamquam
727 2062 779 2105 in
809 2059 1013 2122 speculo
1043 2064 1245 2123 possitis
1278 2064 1546 2124 inspicere,
1581 2076 1646 2106 ne
1682 2077 1774 2123 per

267 2125 569 2172 oblivionem
614 2126 804 2190 aliquid
846 2127 1151 2191 neglegatis,
1193 2128 1352 2175 semel
1392 2132 1444 2174 in
1486 2131 1774 2191 septimana

328 2229 345 2247 ‘²
377 2223 493 2264 Dan.
512 2225 568 2264 xi.
587 2228 643 2271 4,
634 2242 642 2250 ·
677 2224 777 2266 Gal.
795 2240 836 2266 v.
860 2229 924 2266 13.
1020 2226 1035 2250 ²²
1057 2226 1182 2267 Titus
1200 2229 1242 2267 ii
1261 2229 1300 2267 7.
1391 2233 1405 2251 ⁰
1430 2231 1446 2267 l
1472 2226 1625 2267 Thess.
1642 2241 1683 2267 v.
1705 2230 1770 2267 14.

325 2277 344 2302 ‘³
377 2278 603 2331 Similarly
631 2279 706 2320 the
739 2280 1023 2321 Benedictine
1055 2281 1169 2322 Rule
1198 2281 1418 2322 describes
1447 2281 1522 2322 the
1551 2280 1696 2321 duties
1725 2282 1777 2322 of

266 2333 341 2373 the
357 2332 519 2373 abbot:
545 2334 693 2385 (64)“
715 2337 825 2374 sciat
847 2335 930 2375 sibi
953 2340 1155 2387 oportere
1178 2336 1385 2388 prodesse
1407 2349 1545 2388 quam
1567 2349 1770 2388 praeesse

312 2419 321 2428 .
357 2418 365 2427 .
399 2387 575 2428 studeat
596 2388 695 2440 plus
716 2391 857 2429 amari
878 2403 1015 2441 quam
1035 2392 1209 2437 timeri;
1244 2422 1253 2432 .
1329 2390 1433 2442 .(2)
1455 2394 1670 2443 agnoscat
1690 2404 1770 2443 pro

264 2446 382 2482 certo
411 2444 517 2493 quia
546 2444 591 2482 in
619 2442 690 2484 die
720 2443 869 2484 iudicii
904 2446 1100 2496 ipsarum
1133 2447 1384 2485 animarum
1419 2449 1484 2485 est
1518 2444 1770 2486 redditurus

265 2497 459 2536 Domino
482 2497 728 2538 rationem.'

321 2556 336 2574 ⁶
367 2553 393 2590 Ξ.)
417 2550 517 2591 Cor.
542 2553 584 2591 ii.
613 2556 676 2592 15.
1161 2554 1178 2581 s
1210 2554 1340 2594 Rom.
1362 2555 1419 2594 vi.
1447 2556 1603 2600 14,15.

266 2612 362 2652 409.
