1866 2964
742 169 832 220 ST.
871 169 1279 220 AUGUSTINE

256 322 357 352 non
381 309 569 368 potuit,
593 306 730 368 quod
754 308 800 351 ei
824 308 1016 368 scripsi,
1041 312 1094 352 et
1117 306 1212 352 tibi
1235 322 1337 351 non
1360 305 1579 351 scribere
1605 306 1763 350 etiam

255 377 629 436 ineptissimum
668 376 970 419 existimavi.
1039 372 1141 420 Sed
1180 373 1415 429 tabellas,
1451 376 1491 419 si
1527 387 1660 435 quae
1695 372 1765 417 ibi

257 449 461 488 nostrae
489 449 626 497 sunt,
652 448 862 503 propter
888 441 1036 487 huius
1062 441 1201 488 modi
1226 444 1560 488 necessitates
1586 443 1765 486 mittas

256 517 394 572 peto.
465 509 649 572 Scripsi
677 510 919 572 quiddam
949 510 1013 556 de
1041 508 1289 555 catholica
1315 509 1580 572 religione,
1607 504 1767 570 quan-

257 585 369 624 tum
399 578 632 624 dominus
663 578 784 623 dare
815 578 1056 641 dignatus
1087 585 1183 633 est,
1213 578 1351 640 quod
1378 578 1474 623 tibi
1502 575 1614 622 volo
1644 572 1765 621 ante

259 646 538 692 adventum
561 662 733 691 meum
755 649 982 701 mittere,
1004 649 1044 691 si
1066 644 1242 692 charta
1263 648 1469 692 interim
1490 661 1592 691 non
1613 643 1762 690 desit.

257 713 517 759 Tolerabis
544 717 679 760 enim
705 713 1131 777 qualemcumque
1156 717 1458 776 scripturam
1484 729 1548 759 ex
1571 711 1769 758 officina

261 781 515 827 Maior-ini.
586 782 666 827 De
707 781 963 828 codicibus
1003 788 1210 843 praeter
1247 781 1401 828 libros
1442 781 1507 828 de
1548 780 1767 827 Oratore

258 857 427 896 totum
471 848 595 895 mihi
641 850 846 896 excidit.
916 848 1018 896 Sed
1061 848 1186 895 nihil
1230 849 1445 912 amplius
1488 848 1767 895 rescribere

259 921 422 979 potui,
455 934 609 980 quam
643 924 702 963 ut
733 920 842 980 ipse
875 934 1121 973 sumeres,
1154 935 1279 980 quos
1310 917 1515 973 liberet,
1548 923 1602 963 et
1634 932 1769 962 nunc

260 989 311 1031 in
341 986 524 1032 eadem
552 1002 737 1031 maneo
765 989 1040 1032 sententia.
1110 987 1310 1032 Absens
1341 989 1477 1032 enim
1506 985 1630 1048 quid
1657 983 1770 1047 plus

265 1052 467 1108 faciam,
490 1071 592 1099 non
614 1056 833 1100 invenio.

219 1130 242 1168 2
334 1121 692 1168 Gratissimum
720 1121 844 1167 mihi
872 1128 973 1176 est,
992 1122 1129 1184 quod
1156 1124 1208 1167 in
1236 1121 1416 1168 ultima
1442 1119 1661 1183 epistula
1687 1136 1770 1165 me

266 1193 566 1252 participem
592 1190 858 1236 domestici
881 1193 957 1236 tui
985 1190 1159 1253 gaudii
1191 1188 1359 1236 facere
1384 1189 1602 1236 voluisti.
1670 1187 1772 1234 Sed

440 1291 568 1316 mene
590 1277 694 1317 salis
716 1277 880 1329 placidi
900 1277 1074 1317 vultum
1095 1278 1347 1330 fluctusque
1368 1279 1541 1329 quietos

444 1334 649 1383 ignorare
671 1332 796 1372 iubes
811 1335 827 1372 ἓ

263 1425 574 1471 quamquam
606 1425 701 1455 nec
729 1425 812 1454 me
842 1409 1019 1455 iubeas
1049 1425 1143 1455 nec
1172 1412 1281 1471 ipse
1311 1411 1529 1473 ignores.
1599 1407 1771 1466 Quare

264 1479 304 1522 si
331 1477 395 1522 ad
419 1475 599 1522 melius
629 1477 960 1540 cogitandum
990 1480 1133 1539 quies
1161 1477 1329 1540 aliqua
1354 1477 1478 1524 data
1503 1483 1600 1532 est,
1624 1483 1772 1522 utere

266 1544 435 1590 divino
481 1545 746 1591 beneficio.
818 1545 924 1591 Nec
972 1549 1107 1591 enim
1153 1546 1298 1591 nobis
1345 1546 1611 1600 debemus,
1656 1560 1772 1590 cum

265 1615 363 1658 ista
388 1615 712 1674 proveniunt,
737 1613 828 1659 sed
850 1612 963 1668 illis,
986 1629 1078 1675 per
1102 1630 1227 1676 quos
1250 1616 1576 1676 proveniunt,
1599 1618 1774 1676 gratu-

265 1679 375 1735 lari,
416 1683 656 1743 quoniam
697 1684 831 1726 iusta
874 1687 927 1726 et
967 1681 1185 1727 officiosa
1227 1689 1281 1728 et
1320 1698 1411 1744 pro
1452 1698 1543 1728 suo
1583 1696 1774 1744 genere

266 1752 495 1810 pacatior
534 1756 690 1811 atque
729 1748 1047 1811 tranquillior
1083 1766 1253 1795 rerum
1290 1748 1650 1812 temporalium
1689 1748 1776 1795 ad-

267 1819 573 1862 ministratio
603 1817 1009 1879 recipiendorum
1041 1824 1366 1864 aeternorum
1395 1820 1637 1864 meritum
1666 1819 1777 1880 gig-

268 1887 363 1939 nit,
397 1888 436 1930 si
471 1901 573 1930 non
606 1892 805 1941 teneat,
838 1902 952 1931 cum
986 1892 1214 1941 tenetur,
1247 1903 1349 1932 non
1381 1885 1627 1948 implicet,
1659 1901 1775 1931 cum

266 1951 652 2014 multiplicatur,
693 1956 733 1998 si
780 1970 899 2008 non,
947 1970 1062 1999 cum
1100 1990 1109 2000 .
1150 1991 1159 2000 .
1200 1991 1209 2000 .
1245 1961 1478 2016 putatur,
1530 1952 1771 1999 involvat.

334 2063 351 2080 ⁶¹
387 2057 466 2097 His
506 2061 683 2098 treatise
721 2059 786 2098 De
835 2059 944 2099 Vera
983 2060 1228 2111 Reliysrmffl
1269 2062 1442 2100 written
1480 2064 1527 2099 at
1566 2059 1774 2111 Tagaste,

279 2115 481 2152 389-390.
925 2114 939 2137 ὓ
969 2114 1062 2154 The
1084 2114 1274 2154 allusion
1297 2116 1331 2154 is
1352 2113 1597 2154 unknown.

338 2173 352 2190 ⁶
383 2167 589 2214 Cicero's,
631 2181 688 2207 no
730 2167 897 2214 doubt3
957 2169 1030 2209 the
1078 2169 1169 2208 fact
1216 2169 1315 2209 that
1363 2171 1395 2208 it
1437 2168 1526 2209 had
1569 2166 1774 2208 survived

281 2222 571 2272 Augustine's
621 2236 757 2274 many
800 2222 1014 2275 journeys
1055 2237 1157 2275 may
1208 2223 1262 2263 be
1309 2223 1543 2274 explained
1593 2223 1653 2274 by
1701 2222 1775 2262 the

278 2278 556 2327 supposition
579 2276 675 2316 that
697 2277 750 2316 he
772 2277 880 2317 used
912 2279 944 2317 it
970 2291 1018 2317 as
1040 2292 1066 2317 a
1094 2277 1328 2318 text-book
1349 2278 1514 2330 during
1540 2277 1608 2317 his
1627 2289 1777 2317 career

281 2343 328 2370 as
351 2344 376 2370 a
398 2330 548 2381 public
568 2331 746 2371 teacher
766 2332 816 2370 of
832 2331 1035 2372 rhetoric.

341 2384 359 2408 ἀ
390 2384 516 2436 Virg.
539 2386 651 2425 Aen.
675 2400 714 2425 v.
738 2388 940 2427 Sis-849.

341 2445 354 2462 2
384 2438 478 2479 The
494 2443 585 2479 text
603 2439 703 2480 here
723 2442 756 2479 is
773 2440 981 2480 doubtful
999 2459 1007 2481 ε
1041 2440 1326 2481 Goldbacher
1342 2439 1495 2481 marks
1511 2440 1584 2481 the
1601 2439 1776 2486 lacuna,

278 2493 360 2587 &pet
372 2494 572 2588 chsheaps
593 2500 853 2545 amputatur
876 2495 1023 2535 would
1051 2497 1208 2548 satisfy
1231 2495 1305 2536 the
1332 2495 1668 2548 palaeography
1689 2493 1777 2534 and

288 2620 346 2659 14
