<?xml version="1.0" encoding="UTF-8"?>
<!DOCTYPE html PUBLIC "-//W3C//DTD XHTML 1.0 Transitional//EN"
    "http://www.w3.org/TR/xhtml1/DTD/xhtml1-transitional.dtd">
<html xmlns="http://www.w3.org/1999/xhtml" xml:lang="en" lang="en">
 <head>
  <title>
</title>
<meta http-equiv="Content-Type" content="text/html;charset=utf-8" />
  <meta name='ocr-system' content='tesseract 3.04.00' />
  <meta name='ocr-capabilities' content='ocr_page ocr_carea ocr_par ocr_line ocrx_word'/>
</head>
<body>
  <div class='ocr_page' id='page_1' title='image "./selectletters00auguuoft_0288.png"; bbox 0 0 1866 2964; ppageno 0'>
   <div class='ocr_carea' id='block_1_1' title="bbox 736 168 1275 220">
    <p class='ocr_par' dir='ltr' id='par_1_1' title="bbox 736 168 1275 220">
     <span class='ocr_line' id='line_1_1' title="bbox 736 168 1275 220; baseline -0.004 0"><span class='ocrx_word' id='word_1_1' title='bbox 736 168 827 220; x_wconf 88' lang='lat' dir='ltr'>ST.</span> <span class='ocrx_word' id='word_1_2' title='bbox 867 170 1275 219; x_wconf 82' lang='lat' dir='ltr'>AUGUSTINE</span> 
     </span>
    </p>
   </div>
   <div class='ocr_carea' id='block_1_2' title="bbox 202 301 1766 2482">
    <p class='ocr_par' dir='ltr' id='par_1_2' title="bbox 202 301 1766 2482">
     <span class='ocr_line' id='line_1_2' title="bbox 251 301 1761 366; baseline -0.005 -12"><span class='ocrx_word' id='word_1_3' title='bbox 251 307 359 354; x_wconf 89' lang='lat' dir='ltr'>fieri</span> <span class='ocrx_word' id='word_1_4' title='bbox 398 324 499 353; x_wconf 92' lang='lat' dir='ltr'>non</span> <span class='ocrx_word' id='word_1_5' title='bbox 538 306 834 352; x_wconf 90' lang='lat' dir='ltr'>credebant.</span> <span class='ocrx_word' id='word_1_6' title='bbox 907 303 1193 351; x_wconf 77' lang='lat' dir='ltr'>Multitudo</span> <span class='ocrx_word' id='word_1_7' title='bbox 1231 320 1352 350; x_wconf 92' lang='lat' dir='ltr'>vero</span> <span class='ocrx_word' id='word_1_8' title='bbox 1389 320 1482 366; x_wconf 93' lang='lat' dir='ltr'>pro</span> <span class='ocrx_word' id='word_1_9' title='bbox 1519 301 1761 366; x_wconf 87' lang='lat' dir='ltr'>gradibus</span> 
     </span>
     <span class='ocr_line' id='line_1_3' title="bbox 253 398 1762 463; baseline -0.004 -13"><span class='ocrx_word' id='word_1_10' title='bbox 253 407 532 450; x_wconf 87' lang='lat' dir='ltr'>constituta</span> <span class='ocrx_word' id='word_1_11' title='bbox 567 401 820 448; x_wconf 86' lang='lat' dir='ltr'>horrendo</span> <span class='ocrx_word' id='word_1_12' title='bbox 857 408 909 448; x_wconf 94' lang='lat' dir='ltr'>et</span> <span class='ocrx_word' id='word_1_13' title='bbox 944 402 1450 463; x_wconf 82' lang='lat' dir='ltr'>perseverantissimo</span> <span class='ocrx_word' id='word_1_14' title='bbox 1485 398 1762 445; x_wconf 89' lang='lat' dir='ltr'>clamorum</span> 
     </span>
     <span class='ocr_line' id='line_1_4' title="bbox 251 496 1763 559; baseline -0.005 -13"><span class='ocrx_word' id='word_1_15' title='bbox 251 498 461 546; x_wconf 75' lang='lat' dir='ltr'><strong>fremitu</strong></span> <span class='ocrx_word' id='word_1_16' title='bbox 484 502 537 544; x_wconf 92' lang='lat' dir='ltr'>in</span> <span class='ocrx_word' id='word_1_17' title='bbox 562 498 745 545; x_wconf 91' lang='lat' dir='ltr'>eadem</span> <span class='ocrx_word' id='word_1_18' title='bbox 769 496 1035 544; x_wconf 82' lang='lat' dir='ltr'>voluntate</span> <span class='ocrx_word' id='word_1_19' title='bbox 1059 499 1338 559; x_wconf 88' lang='lat' dir='ltr'>persistens</span> <span class='ocrx_word' id='word_1_20' title='bbox 1362 499 1583 542; x_wconf 90' lang='lat' dir='ltr'>incertos</span> <span class='ocrx_word' id='word_1_21' title='bbox 1608 496 1763 540; x_wconf 88' lang='lat' dir='ltr'>animi</span> 
     </span>
     <span class='ocr_line' id='line_1_5' title="bbox 251 590 1764 658; baseline -0.004 -16"><span class='ocrx_word' id='word_1_22' title='bbox 251 595 545 658; x_wconf 79' lang='lat' dir='ltr'>consiliique</span> <span class='ocrx_word' id='word_1_23' title='bbox 569 592 843 640; x_wconf 74' lang='lat' dir='ltr'>faciebant.</span> <span class='ocrx_word' id='word_1_24' title='bbox 913 593 1054 639; x_wconf 88' lang='lat' dir='ltr'>Tunc</span> <span class='ocrx_word' id='word_1_25' title='bbox 1077 592 1161 638; x_wconf 91' lang='lat' dir='ltr'>illa</span> <span class='ocrx_word' id='word_1_26' title='bbox 1184 595 1236 638; x_wconf 94' lang='lat' dir='ltr'>in</span> <span class='ocrx_word' id='word_1_27' title='bbox 1258 590 1472 638; x_wconf 88' lang='lat' dir='ltr'>fratrem</span> <span class='ocrx_word' id='word_1_28' title='bbox 1493 607 1667 637; x_wconf 91' lang='lat' dir='ltr'>meum</span> <span class='ocrx_word' id='word_1_29' title='bbox 1689 592 1764 635; x_wconf 94' lang='lat' dir='ltr'>in-</span> 
     </span>
     <span class='ocr_line' id='line_1_6' title="bbox 253 687 1760 755; baseline -0.003 -18"><span class='ocrx_word' id='word_1_30' title='bbox 253 693 407 755; x_wconf 82' lang='lat' dir='ltr'>digna</span> <span class='ocrx_word' id='word_1_31' title='bbox 428 689 798 745; x_wconf 84' lang='lat' dir='ltr'>clamabantur,</span> <span class='ocrx_word' id='word_1_32' title='bbox 818 696 941 735; x_wconf 86' lang='lat' dir='ltr'>tunc</span> <span class='ocrx_word' id='word_1_33' title='bbox 963 706 991 735; x_wconf 90' lang='lat' dir='ltr'>a</span> <span class='ocrx_word' id='word_1_34' title='bbox 1011 690 1155 735; x_wconf 91' lang='lat' dir='ltr'>nobis</span> <span class='ocrx_word' id='word_1_35' title='bbox 1176 691 1408 752; x_wconf 83' lang='lat' dir='ltr'>graviora</span> <span class='ocrx_word' id='word_1_36' title='bbox 1427 687 1760 734; x_wconf 79' lang='lat' dir='ltr'>timebantur.</span> 
     </span>
     <span class='ocr_line' id='line_1_7' title="bbox 202 783 1764 850; baseline -0.003 -17"><span class='ocrx_word' id='word_1_37' title='bbox 202 795 227 833; x_wconf 82' lang='lat'><strong>2</strong></span> <span class='ocrx_word' id='word_1_38' title='bbox 317 787 418 834; x_wconf 91' lang='lat' dir='ltr'>Sed</span> <span class='ocrx_word' id='word_1_39' title='bbox 444 790 673 850; x_wconf 85' lang='lat' dir='ltr'>quamvis</span> <span class='ocrx_word' id='word_1_40' title='bbox 699 792 847 833; x_wconf 90' lang='lat' dir='ltr'>tanto</span> <span class='ocrx_word' id='word_1_41' title='bbox 871 793 1016 832; x_wconf 90' lang='lat' dir='ltr'>motu</span> <span class='ocrx_word' id='word_1_42' title='bbox 1041 784 1216 848; x_wconf 89' lang='lat' dir='ltr'>populi</span> <span class='ocrx_word' id='word_1_43' title='bbox 1243 792 1296 831; x_wconf 90' lang='lat' dir='ltr'>et</span> <span class='ocrx_word' id='word_1_44' title='bbox 1321 791 1471 831; x_wconf 87' lang='lat' dir='ltr'>tanta</span> <span class='ocrx_word' id='word_1_45' title='bbox 1494 783 1764 846; x_wconf 87' lang='lat' dir='ltr'>perturba-</span> 
     </span>
     <span class='ocr_line' id='line_1_8' title="bbox 251 880 1762 945; baseline -0.005 -15"><span class='ocrx_word' id='word_1_46' title='bbox 251 887 391 931; x_wconf 89' lang='lat' dir='ltr'>tione</span> <span class='ocrx_word' id='word_1_47' title='bbox 436 882 678 929; x_wconf 89' lang='lat' dir='ltr'>ecclesiae</span> <span class='ocrx_word' id='word_1_48' title='bbox 720 898 1046 945; x_wconf 88' lang='lat' dir='ltr'>permoverer</span> <span class='ocrx_word' id='word_1_49' title='bbox 1088 897 1182 928; x_wconf 94' lang='lat' dir='ltr'>nec</span> <span class='ocrx_word' id='word_1_50' title='bbox 1226 880 1363 928; x_wconf 88' lang='lat' dir='ltr'>aliud</span> <span class='ocrx_word' id='word_1_51' title='bbox 1404 880 1762 942; x_wconf 76' lang='lat' dir='ltr'>constipationi</span> 
     </span>
     <span class='ocr_line' id='line_1_9' title="bbox 252 977 1765 1038; baseline -0.003 -12"><span class='ocrx_word' id='word_1_52' title='bbox 252 979 323 1026; x_wconf 90' lang='lat' dir='ltr'>illi</span> <span class='ocrx_word' id='word_1_53' title='bbox 347 981 587 1027; x_wconf 79' lang='lat' dir='ltr'>dixissem</span> <span class='ocrx_word' id='word_1_54' title='bbox 611 982 706 1025; x_wconf 91' lang='lat' dir='ltr'>nisi</span> <span class='ocrx_word' id='word_1_55' title='bbox 730 995 847 1024; x_wconf 89' lang='lat' dir='ltr'>eum</span> <span class='ocrx_word' id='word_1_56' title='bbox 870 995 953 1024; x_wconf 92' lang='lat' dir='ltr'>me</span> <span class='ocrx_word' id='word_1_57' title='bbox 976 981 1195 1024; x_wconf 84' lang='lat' dir='ltr'>invitum</span> <span class='ocrx_word' id='word_1_58' title='bbox 1217 977 1451 1024; x_wconf 86' lang='lat' dir='ltr'>ordinare</span> <span class='ocrx_word' id='word_1_59' title='bbox 1474 993 1575 1023; x_wconf 91' lang='lat' dir='ltr'>non</span> <span class='ocrx_word' id='word_1_60' title='bbox 1597 991 1765 1038; x_wconf 87' lang='lat' dir='ltr'>posse,</span> 
     </span>
     <span class='ocr_line' id='line_1_10' title="bbox 253 1073 1765 1137; baseline -0.003 -15"><span class='ocrx_word' id='word_1_61' title='bbox 253 1093 347 1123; x_wconf 91' lang='lat' dir='ltr'>nec</span> <span class='ocrx_word' id='word_1_62' title='bbox 371 1079 440 1122; x_wconf 93' lang='lat' dir='ltr'>sic</span> <span class='ocrx_word' id='word_1_63' title='bbox 464 1083 641 1121; x_wconf 88' lang='lat' dir='ltr'>tamen</span> <span class='ocrx_word' id='word_1_64' title='bbox 665 1075 916 1121; x_wconf 90' lang='lat' dir='ltr'>adductus</span> <span class='ocrx_word' id='word_1_65' title='bbox 941 1092 1070 1130; x_wconf 92' lang='lat' dir='ltr'>sum,</span> <span class='ocrx_word' id='word_1_66' title='bbox 1095 1077 1214 1137; x_wconf 90' lang='lat' dir='ltr'>quia</span> <span class='ocrx_word' id='word_1_67' title='bbox 1239 1081 1293 1120; x_wconf 88' lang='lat' dir='ltr'>et</span> <span class='ocrx_word' id='word_1_68' title='bbox 1314 1073 1410 1120; x_wconf 93' lang='lat' dir='ltr'>hoc</span> <span class='ocrx_word' id='word_1_69' title='bbox 1431 1075 1765 1136; x_wconf 87' lang='lat' dir='ltr'>promiseram</span> 
     </span>
     <span class='ocr_line' id='line_1_11' title="bbox 252 1168 1764 1233; baseline -0.003 -14"><span class='ocrx_word' id='word_1_70' title='bbox 252 1189 355 1219; x_wconf 92' lang='lat' dir='ltr'>non</span> <span class='ocrx_word' id='word_1_71' title='bbox 380 1189 463 1218; x_wconf 91' lang='lat' dir='ltr'>me</span> <span class='ocrx_word' id='word_1_72' title='bbox 491 1171 645 1218; x_wconf 88' lang='lat' dir='ltr'>fuisse</span> <span class='ocrx_word' id='word_1_73' title='bbox 673 1170 947 1226; x_wconf 82' lang='lat' dir='ltr'>facturum,</span> <span class='ocrx_word' id='word_1_74' title='bbox 975 1178 1032 1217; x_wconf 91' lang='lat' dir='ltr'>ut</span> <span class='ocrx_word' id='word_1_75' title='bbox 1060 1169 1252 1233; x_wconf 88' lang='lat' dir='ltr'>aliquid</span> <span class='ocrx_word' id='word_1_76' title='bbox 1279 1173 1326 1216; x_wconf 92' lang='lat' dir='ltr'>ei</span> <span class='ocrx_word' id='word_1_77' title='bbox 1352 1171 1417 1217; x_wconf 92' lang='lat' dir='ltr'>de</span> <span class='ocrx_word' id='word_1_78' title='bbox 1445 1168 1764 1232; x_wconf 88' lang='lat' dir='ltr'>suscipiendo</span> 
     </span>
     <span class='ocr_line' id='line_1_12' title="bbox 253 1266 1764 1332; baseline -0.003 -17"><span class='ocrx_word' id='word_1_79' title='bbox 253 1269 575 1332; x_wconf 75' lang='lat' dir='ltr'>presbyterio</span> <span class='ocrx_word' id='word_1_80' title='bbox 592 1267 862 1314; x_wconf 87' lang='lat' dir='ltr'>suaderem</span> <span class='ocrx_word' id='word_1_81' title='bbox 887 1282 897 1322; x_wconf 89' lang='grc'>;</span> <span class='ocrx_word' id='word_1_82' title='bbox 932 1267 1069 1330; x_wconf 89' lang='lat' dir='ltr'>quod</span> <span class='ocrx_word' id='word_1_83' title='bbox 1085 1270 1123 1312; x_wconf 92' lang='lat' dir='ltr'>si</span> <span class='ocrx_word' id='word_1_84' title='bbox 1139 1266 1450 1330; x_wconf 86' lang='lat' dir='ltr'>persuadere</span> <span class='ocrx_word' id='word_1_85' title='bbox 1464 1267 1764 1329; x_wconf 87' lang='lat' dir='ltr'>potuissem,</span> 
     </span>
     <span class='ocr_line' id='line_1_13' title="bbox 252 1362 1766 1426; baseline -0.002 -15"><span class='ocrx_word' id='word_1_86' title='bbox 252 1382 353 1411; x_wconf 93' lang='lat' dir='ltr'>non</span> <span class='ocrx_word' id='word_1_87' title='bbox 379 1368 479 1410; x_wconf 91' lang='lat' dir='ltr'>iam</span> <span class='ocrx_word' id='word_1_88' title='bbox 507 1364 827 1410; x_wconf 84' lang='lat' dir='ltr'>ordinaretur</span> <span class='ocrx_word' id='word_1_89' title='bbox 852 1366 1055 1410; x_wconf 86' lang='lat' dir='ltr'>invitus.</span> <span class='ocrx_word' id='word_1_90' title='bbox 1131 1362 1336 1409; x_wconf 85' lang='lat' dir='ltr'>Servavi</span> <span class='ocrx_word' id='word_1_91' title='bbox 1361 1365 1627 1426; x_wconf 88' lang='lat' dir='ltr'>utriusque</span> <span class='ocrx_word' id='word_1_92' title='bbox 1651 1378 1766 1425; x_wconf 91' lang='lat' dir='ltr'>pro-</span> 
     </span>
     <span class='ocr_line' id='line_1_14' title="bbox 251 1456 1765 1522; baseline -0.002 -15"><span class='ocrx_word' id='word_1_93' title='bbox 251 1463 499 1507; x_wconf 89' lang='lat' dir='ltr'>missionis</span> <span class='ocrx_word' id='word_1_94' title='bbox 537 1460 708 1515; x_wconf 90' lang='lat' dir='ltr'>fidem,</span> <span class='ocrx_word' id='word_1_95' title='bbox 746 1476 847 1505; x_wconf 91' lang='lat' dir='ltr'>non</span> <span class='ocrx_word' id='word_1_96' title='bbox 883 1459 1044 1505; x_wconf 87' lang='lat' dir='ltr'>solum</span> <span class='ocrx_word' id='word_1_97' title='bbox 1081 1458 1210 1505; x_wconf 86' lang='lat' dir='ltr'>illius</span> <span class='ocrx_word' id='word_1_98' title='bbox 1248 1476 1402 1522; x_wconf 92' lang='lat' dir='ltr'>quam</span> <span class='ocrx_word' id='word_1_99' title='bbox 1440 1462 1542 1504; x_wconf 92' lang='lat' dir='ltr'>iam</span> <span class='ocrx_word' id='word_1_100' title='bbox 1577 1456 1765 1521; x_wconf 91' lang='lat' dir='ltr'>populo</span> 
     </span>
     <span class='ocr_line' id='line_1_15' title="bbox 253 1555 1764 1620; baseline -0.002 -17"><span class='ocrx_word' id='word_1_101' title='bbox 253 1556 620 1620; x_wconf 86' lang='lat' dir='ltr'>patefeceram,</span> <span class='ocrx_word' id='word_1_102' title='bbox 657 1572 833 1602; x_wconf 81' lang='lat' dir='ltr'>verum</span> <span class='ocrx_word' id='word_1_103' title='bbox 884 1559 1042 1602; x_wconf 85' lang='lat' dir='ltr'>etiam</span> <span class='ocrx_word' id='word_1_104' title='bbox 1083 1555 1213 1601; x_wconf 87' lang='lat' dir='ltr'>illius</span> <span class='ocrx_word' id='word_1_105' title='bbox 1249 1559 1301 1601; x_wconf 92' lang='lat' dir='ltr'>in</span> <span class='ocrx_word' id='word_1_106' title='bbox 1337 1572 1438 1618; x_wconf 86' lang='lat' dir='ltr'>qua</span> <span class='ocrx_word' id='word_1_107' title='bbox 1473 1572 1574 1602; x_wconf 90' lang='lat' dir='ltr'>uno</span> <span class='ocrx_word' id='word_1_108' title='bbox 1610 1562 1764 1610; x_wconf 88' lang='lat' dir='ltr'>teste,</span> 
     </span>
     <span class='ocr_line' id='line_1_16' title="bbox 254 1650 1766 1717; baseline -0.002 -17"><span class='ocrx_word' id='word_1_109' title='bbox 254 1661 505 1717; x_wconf 89' lang='lat' dir='ltr'>quantum</span> <span class='ocrx_word' id='word_1_110' title='bbox 547 1653 611 1699; x_wconf 90' lang='lat' dir='ltr'>ad</span> <span class='ocrx_word' id='word_1_111' title='bbox 650 1652 880 1699; x_wconf 90' lang='lat' dir='ltr'>homines</span> <span class='ocrx_word' id='word_1_112' title='bbox 921 1652 1139 1708; x_wconf 89' lang='lat' dir='ltr'>adtinet,</span> <span class='ocrx_word' id='word_1_113' title='bbox 1179 1653 1463 1699; x_wconf 90' lang='lat' dir='ltr'>detinebar.</span> <span class='ocrx_word' id='word_1_114' title='bbox 1542 1650 1766 1707; x_wconf 88' lang='lat' dir='ltr'>Servavi,</span> 
     </span>
     <span class='ocr_line' id='line_1_17' title="bbox 252 1750 1765 1814; baseline -0.002 -17"><span class='ocrx_word' id='word_1_115' title='bbox 252 1754 479 1814; x_wconf 86' lang='lat' dir='ltr'>inquam,</span> <span class='ocrx_word' id='word_1_116' title='bbox 516 1750 668 1796; x_wconf 87' lang='lat' dir='ltr'>fidem</span> <span class='ocrx_word' id='word_1_117' title='bbox 702 1752 1063 1812; x_wconf 84' lang='lat' dir='ltr'>promissionis,</span> <span class='ocrx_word' id='word_1_118' title='bbox 1097 1766 1199 1796; x_wconf 89' lang='lat' dir='ltr'>non</span> <span class='ocrx_word' id='word_1_119' title='bbox 1233 1752 1513 1805; x_wconf 86' lang='lat' dir='ltr'>iurationis,</span> <span class='ocrx_word' id='word_1_120' title='bbox 1539 1751 1591 1794; x_wconf 91' lang='lat' dir='ltr'>in</span> <span class='ocrx_word' id='word_1_121' title='bbox 1617 1755 1765 1795; x_wconf 85' lang='lat' dir='ltr'>tanto</span> 
     </span>
     <span class='ocr_line' id='line_1_18' title="bbox 252 1844 1766 1910; baseline -0.002 -16"><span class='ocrx_word' id='word_1_122' title='bbox 252 1846 492 1910; x_wconf 91' lang='lat' dir='ltr'>periculo.</span> <span class='ocrx_word' id='word_1_123' title='bbox 564 1846 714 1905; x_wconf 81' lang='lat' dir='ltr'>Quod</span> <span class='ocrx_word' id='word_1_124' title='bbox 737 1846 857 1893; x_wconf 91' lang='lat' dir='ltr'>licet</span> <span class='ocrx_word' id='word_1_125' title='bbox 882 1844 1026 1902; x_wconf 92' lang='lat' dir='ltr'>falso,</span> <span class='ocrx_word' id='word_1_126' title='bbox 1051 1849 1181 1893; x_wconf 85' lang='lat' dir='ltr'>sicut</span> <span class='ocrx_word' id='word_1_127' title='bbox 1204 1853 1385 1909; x_wconf 88' lang='lat' dir='ltr'>postea</span> <span class='ocrx_word' id='word_1_128' title='bbox 1409 1848 1766 1908; x_wconf 90' lang='lat' dir='ltr'>comperimus,</span> 
     </span>
     <span class='ocr_line' id='line_1_19' title="bbox 253 1943 1766 2006; baseline -0.001 -16"><span class='ocrx_word' id='word_1_129' title='bbox 253 1944 603 1999; x_wconf 87' lang='lat' dir='ltr'>metuebatur,</span> <span class='ocrx_word' id='word_1_130' title='bbox 648 1944 881 1989; x_wconf 92' lang='lat' dir='ltr'>omnibus</span> <span class='ocrx_word' id='word_1_131' title='bbox 925 1950 1120 1999; x_wconf 86' lang='lat' dir='ltr'>tamen,</span> <span class='ocrx_word' id='word_1_132' title='bbox 1165 1947 1205 1989; x_wconf 92' lang='lat' dir='ltr'>si</span> <span class='ocrx_word' id='word_1_133' title='bbox 1250 1943 1387 2006; x_wconf 92' lang='lat' dir='ltr'>quod</span> <span class='ocrx_word' id='word_1_134' title='bbox 1432 1949 1587 1998; x_wconf 87' lang='lat' dir='ltr'>esset,</span> <span class='ocrx_word' id='word_1_135' title='bbox 1630 1958 1766 1988; x_wconf 92' lang='lat' dir='ltr'>com-</span> 
     </span>
     <span class='ocr_line' id='line_1_20' title="bbox 254 2040 1764 2102; baseline -0.001 -16"><span class='ocrx_word' id='word_1_136' title='bbox 254 2044 479 2087; x_wconf 90' lang='lat' dir='ltr'>muniter</span> <span class='ocrx_word' id='word_1_137' title='bbox 498 2040 831 2102; x_wconf 90' lang='lat' dir='ltr'>inpendebat,</span> <span class='ocrx_word' id='word_1_138' title='bbox 860 2047 913 2086; x_wconf 85' lang='lat' dir='ltr'>et</span> <span class='ocrx_word' id='word_1_139' title='bbox 935 2047 1045 2086; x_wconf 90' lang='lat' dir='ltr'>erat</span> <span class='ocrx_word' id='word_1_140' title='bbox 1065 2046 1233 2086; x_wconf 91' lang='lat' dir='ltr'>metus</span> <span class='ocrx_word' id='word_1_141' title='bbox 1253 2043 1362 2102; x_wconf 91' lang='lat' dir='ltr'>ipse</span> <span class='ocrx_word' id='word_1_142' title='bbox 1387 2042 1685 2095; x_wconf 87' lang='lat' dir='ltr'>communis,</span> <span class='ocrx_word' id='word_1_143' title='bbox 1707 2055 1764 2085; x_wconf 92' lang='lat' dir='ltr'>ac</span> 
     </span>
     <span class='ocr_line' id='line_1_21' title="bbox 255 2136 1764 2200; baseline -0.001 -17"><span class='ocrx_word' id='word_1_144' title='bbox 255 2144 466 2200; x_wconf 84' lang='lat' dir='ltr'>propter</span> <span class='ocrx_word' id='word_1_145' title='bbox 501 2136 783 2192; x_wconf 90' lang='lat' dir='ltr'>ecclesiam,</span> <span class='ocrx_word' id='word_1_146' title='bbox 817 2139 869 2182; x_wconf 90' lang='lat' dir='ltr'>in</span> <span class='ocrx_word' id='word_1_147' title='bbox 899 2153 1000 2200; x_wconf 90' lang='lat' dir='ltr'>qua</span> <span class='ocrx_word' id='word_1_148' title='bbox 1031 2153 1249 2192; x_wconf 91' lang='lat' dir='ltr'>eramus,</span> <span class='ocrx_word' id='word_1_149' title='bbox 1274 2139 1497 2182; x_wconf 88' lang='lat' dir='ltr'>maxime</span> <span class='ocrx_word' id='word_1_150' title='bbox 1526 2142 1764 2182; x_wconf 85' lang='lat' dir='ltr'>metuens</span> 
     </span>
     <span class='ocr_line' id='line_1_22' title="bbox 257 2231 1764 2297; baseline -0.001 -17"><span class='ocrx_word' id='word_1_151' title='bbox 257 2234 533 2280; x_wconf 88' lang='lat' dir='ltr'>abscedere</span> <span class='ocrx_word' id='word_1_152' title='bbox 593 2233 900 2297; x_wconf 84' lang='lat' dir='ltr'>cogitabam.</span> <span class='ocrx_word' id='word_1_153' title='bbox 970 2232 1072 2280; x_wconf 91' lang='lat' dir='ltr'>Sed</span> <span class='ocrx_word' id='word_1_154' title='bbox 1129 2233 1466 2279; x_wconf 90' lang='lat' dir='ltr'>metuendum</span> <span class='ocrx_word' id='word_1_155' title='bbox 1525 2231 1641 2288; x_wconf 84' lang='lat' dir='ltr'>fuit,</span> <span class='ocrx_word' id='word_1_156' title='bbox 1699 2248 1764 2278; x_wconf 91' lang='lat' dir='ltr'>ne</span> 
     </span>
     <span class='ocr_line' id='line_1_23' title="bbox 256 2328 1765 2394; baseline -0.001 -18"><span class='ocrx_word' id='word_1_157' title='bbox 256 2333 418 2394; x_wconf 85' lang='lat' dir='ltr'>magis</span> <span class='ocrx_word' id='word_1_158' title='bbox 449 2346 532 2376; x_wconf 88' lang='lat' dir='ltr'>me</span> <span class='ocrx_word' id='word_1_159' title='bbox 564 2330 779 2376; x_wconf 89' lang='lat' dir='ltr'>absente</span> <span class='ocrx_word' id='word_1_160' title='bbox 810 2329 914 2376; x_wconf 87' lang='lat' dir='ltr'>tale</span> <span class='ocrx_word' id='word_1_161' title='bbox 946 2329 1137 2393; x_wconf 90' lang='lat' dir='ltr'>aliquid</span> <span class='ocrx_word' id='word_1_162' title='bbox 1166 2328 1362 2376; x_wconf 87' lang='lat' dir='ltr'>faceret</span> <span class='ocrx_word' id='word_1_163' title='bbox 1393 2336 1447 2376; x_wconf 83' lang='lat' dir='ltr'>et</span> <span class='ocrx_word' id='word_1_164' title='bbox 1476 2332 1765 2375; x_wconf 82' lang='lat' dir='ltr'>reverentia</span> 
     </span>
     <span class='ocr_line' id='line_1_24' title="bbox 256 2423 1763 2482; baseline 0 -10"><span class='ocrx_word' id='word_1_165' title='bbox 256 2429 420 2472; x_wconf 90' lang='lat' dir='ltr'>minor</span> <span class='ocrx_word' id='word_1_166' title='bbox 466 2433 519 2472; x_wconf 83' lang='lat' dir='ltr'>et</span> <span class='ocrx_word' id='word_1_167' title='bbox 564 2425 706 2472; x_wconf 89' lang='lat' dir='ltr'>dolor</span> <span class='ocrx_word' id='word_1_168' title='bbox 751 2426 1023 2473; x_wconf 87' lang='lat' dir='ltr'>ardentior.</span> <span class='ocrx_word' id='word_1_169' title='bbox 1095 2426 1316 2482; x_wconf 93' lang='lat' dir='ltr'>Deinde,</span> <span class='ocrx_word' id='word_1_170' title='bbox 1361 2429 1401 2472; x_wconf 90' lang='lat' dir='ltr'>si</span> <span class='ocrx_word' id='word_1_171' title='bbox 1446 2442 1560 2472; x_wconf 92' lang='lat' dir='ltr'>cum</span> <span class='ocrx_word' id='word_1_172' title='bbox 1605 2423 1763 2472; x_wconf 88' lang='lat' dir='ltr'>fratre</span> 
     </span>
    </p>
   </div>
   <div class='ocr_carea' id='block_1_3' title="bbox 258 2522 1764 2586">
    <p class='ocr_par' dir='ltr' id='par_1_3' title="bbox 258 2522 1764 2586">
     <span class='ocr_line' id='line_1_25' title="bbox 258 2522 1764 2586; baseline -0.001 -17"><span class='ocrx_word' id='word_1_173' title='bbox 258 2523 445 2586; x_wconf 89' lang='lat' dir='ltr'>Alypio</span> <span class='ocrx_word' id='word_1_174' title='bbox 470 2522 785 2569; x_wconf 87' lang='lat' dir='ltr'>discederem</span> <span class='ocrx_word' id='word_1_175' title='bbox 810 2539 903 2585; x_wconf 90' lang='lat' dir='ltr'>per</span> <span class='ocrx_word' id='word_1_176' title='bbox 926 2522 1171 2586; x_wconf 91' lang='lat' dir='ltr'>populum</span> <span class='ocrx_word' id='word_1_177' title='bbox 1196 2525 1559 2585; x_wconf 83' lang='lat' dir='ltr'>constipatum,</span> <span class='ocrx_word' id='word_1_178' title='bbox 1583 2538 1764 2568; x_wconf 88' lang='lat' dir='ltr'>caven-</span> 
     </span>
    </p>
   </div>
   <div class='ocr_carea' id='block_1_4' title="bbox 265 2625 361 2673">
    <p class='ocr_par' dir='ltr' id='par_1_4' title="bbox 265 2625 361 2673">
     <span class='ocr_line' id='line_1_26' title="bbox 265 2625 361 2673; baseline 0.01 -1"><span class='ocrx_word' id='word_1_179' title='bbox 265 2625 361 2673; x_wconf 68' lang='lat'>226</span> 
     </span>
    </p>
   </div>
  </div>
 </body>
</html>
