1866 2964
772 170 862 217 ST.
902 169 1308 217 AUGUSTINE

287 322 446 360 sacra,
479 321 610 367 quae
642 303 713 349 illi
745 304 809 350 ab
841 301 1082 349 Evandro
1112 302 1455 359 celebrantur,
1484 306 1669 349 invitat
1699 301 1795 349 hoc

286 372 439 419 modo
464 389 474 419 2

508 474 551 510 et
574 484 653 510 nos
674 473 717 509 et
737 473 815 509 tua
837 468 989 509 dexter
1010 468 1084 509 adi
1105 468 1217 521 pede
1238 482 1363 509 sacra
1384 469 1593 510 secundo.

288 577 520 626 Secundo
556 577 690 640 pede
728 584 876 639 optat
913 584 971 623 ut
1007 580 1196 623 veniat.
1265 577 1403 640 Ergo
1439 581 1611 624 venire
1649 584 1798 640 optat

289 646 563 693 Herculem
595 644 1059 708 Namphamonem,
1090 645 1153 692 de
1185 662 1285 708 quo
1315 652 1374 691 tu
1403 645 1623 692 multum
1654 646 1799 692 nobis

287 714 532 761 insultare
563 712 800 776 dignaris.
868 713 1059 759 Verum
1086 720 1265 759 tamen
1292 717 1332 759 si
1358 714 1525 760 ridere
1553 713 1800 770 delectat,

288 783 446 829 habes
465 782 603 844 apud
619 799 705 828 vos
722 798 965 844 magnam
981 784 1252 827 materiam
1269 780 1572 828 facetiarum
1597 799 1607 828 ε
1643 782 1798 829 deum

288 851 619 905 Stercutium,
676 850 827 896 deam
889 849 1202 905 Cluacinam,
1259 849 1514 896 Venerem
1572 849 1799 906 Calvam,

289 921 444 967 deum
481 919 755 973 Timorem,
794 918 949 964 deum
988 917 1258 973 Pallorem,
1296 918 1447 965 deam
1487 919 1705 965 Febrem
1745 925 1800 964 et

289 995 463 1034 cetera
498 985 889 1032 innumerabilia
925 985 1134 1032 huiusce
1170 986 1327 1042 modi,
1363 987 1547 1049 quibus
1584 986 1801 1033 Romani

292 1058 489 1118 antiqui
533 1053 915 1101 simulacrorum
961 1053 1181 1101 cultores
1226 1054 1422 1117 templa
1465 1053 1700 1101 fecerunt
1747 1061 1801 1101 et

291 1123 503 1171 colenda
556 1129 882 1169 censuerunt.
951 1122 1097 1180 Quae
1151 1125 1191 1168 si
1243 1122 1493 1186 neglegis,
1545 1123 1800 1169 Romanos

292 1193 414 1240 deos
467 1190 716 1255 neglegis,
767 1207 830 1236 ex
890 1207 990 1253 quo
1042 1189 1357 1254 intellegeris
1409 1208 1511 1237 non
1559 1191 1801 1238 Romanis

293 1263 525 1307 initiatus
562 1262 733 1314 sacris,
767 1266 820 1305 et
856 1265 1034 1304 tamen
1067 1258 1258 1305 Punica
1293 1262 1500 1305 nomina
1534 1266 1801 1322 tamquam

294 1331 506 1374 nimium
561 1327 906 1373 Romanorum
961 1326 1206 1373 altaribus
1259 1327 1465 1374 deditus
1518 1330 1802 1374 contemnis

295 1414 351 1443 ac
376 1396 608 1458 despicis.

244 1474 268 1512 3
358 1463 458 1510 Sed
495 1463 618 1509 mihi
655 1463 839 1509 videris
877 1465 1082 1509 omnino
1119 1461 1231 1524 plus
1269 1480 1423 1526 quam
1459 1480 1550 1510 nos
1586 1462 1803 1510 fortasse

294 1531 377 1578 illa
421 1548 561 1578 sacra
605 1530 745 1577 nihili
788 1531 1035 1593 pendere,
1079 1531 1169 1577 sed
1213 1548 1276 1577 ex
1321 1534 1393 1577 eis
1436 1534 1606 1578 nescio
1649 1548 1804 1594 quam

295 1607 503 1662 captare
530 1600 595 1646 ad
618 1598 766 1645 huius
792 1602 927 1645 vitae
952 1602 1226 1646 transitum
1250 1598 1589 1662 voluptatem,
1613 1603 1803 1662 quippe

297 1671 382 1731 qui
419 1671 577 1713 etiam
613 1684 714 1713 non
750 1667 1063 1713 dubitaveris
1101 1667 1165 1713 ad
1203 1667 1474 1714 Maronem
1509 1666 1805 1730 confugere,

297 1743 354 1782 ut
379 1737 570 1791 scribis,
595 1742 647 1782 et
673 1738 780 1781 eius
804 1752 952 1781 versu
976 1742 1030 1781 te
1055 1738 1207 1791 tueri,
1231 1752 1332 1798 quo
1357 1739 1429 1782 ait
1453 1753 1463 1782 ε

718 1854 853 1894 trahit
874 1868 955 1894 sua
976 1868 1199 1906 quemque
1219 1854 1439 1907 voluptas.

299 1963 429 2008 Nam
462 1966 501 2009 si
532 1964 623 2009 tibi
658 1966 934 2009 auctoritas
969 1962 1196 2009 Maronis
1227 1962 1415 2025 placet,
1445 1967 1576 2010 sicut
1605 1963 1807 2026 placere

300 2031 571 2095 significas,
594 2030 825 2093 profecto
852 2034 1008 2077 etiam
1033 2030 1156 2078 illud
1179 2030 1350 2094 placet
1374 2047 1384 2077 ε

534 2152 703 2202 primus
725 2150 783 2190 ab
805 2150 999 2191 aetherio
1021 2152 1140 2190 venit
1163 2150 1381 2191 Saturnus
1404 2150 1601 2203 Olympo

533 2219 657 2245 arma
681 2205 797 2245 Iovis
817 2206 995 2258 fugiens
1017 2209 1060 2246 et
1081 2207 1227 2258 regnis
1249 2205 1348 2246 exul
1370 2205 1590 2258 ademptis

303 2318 355 2358 et
382 2319 572 2367 cetera,
599 2313 782 2375 quibus
809 2329 925 2359 eum
953 2319 1109 2376 atque
1135 2311 1283 2359 huius
1308 2313 1446 2360 modi
1471 2313 1592 2360 deos
1617 2320 1813 2360 vestros

432 2490 448 2507 ⁰
482 2484 606 2537 Virg.
628 2484 742 2525 Aen.
765 2487 854 2525 viii.
877 2487 975 2525 302.
1234 2484 1250 2508 ⁶
1280 2485 1405 2537 Virg.
1427 2486 1535 2527 Buc.
1558 2487 1601 2527 ii.
1625 2488 1693 2527 65.

730 2545 744 2563 ⁶
777 2539 903 2592 Virg.
930 2540 1042 2580 Aen.
1066 2541 1155 2581 viii.
1179 2542 1382 2582 319-320.

327 2602 392 2649 26
