<?xml version="1.0" encoding="UTF-8"?>
<!DOCTYPE html PUBLIC "-//W3C//DTD XHTML 1.0 Transitional//EN"
    "http://www.w3.org/TR/xhtml1/DTD/xhtml1-transitional.dtd">
<html xmlns="http://www.w3.org/1999/xhtml" xml:lang="en" lang="en">
 <head>
  <title>
</title>
<meta http-equiv="Content-Type" content="text/html;charset=utf-8" />
  <meta name='ocr-system' content='tesseract 3.04.00' />
  <meta name='ocr-capabilities' content='ocr_page ocr_carea ocr_par ocr_line ocrx_word'/>
</head>
<body>
  <div class='ocr_page' id='page_1' title='image "./selectletters00auguuoft_0500.png"; bbox 0 0 1850 2964; ppageno 0'>
   <div class='ocr_carea' id='block_1_1' title="bbox 753 152 1291 200">
    <p class='ocr_par' dir='ltr' id='par_1_1' title="bbox 753 152 1291 200">
     <span class='ocr_line' id='line_1_1' title="bbox 753 152 1291 200; baseline 0 -1"><span class='ocrx_word' id='word_1_1' title='bbox 753 153 844 200; x_wconf 88' lang='lat' dir='ltr'>ST.</span> <span class='ocrx_word' id='word_1_2' title='bbox 882 152 1291 200; x_wconf 86' lang='lat' dir='ltr'><strong>AUGUSTINE</strong></span> 
     </span>
    </p>
   </div>
   <div class='ocr_carea' id='block_1_2' title="bbox 693 306 1353 371">
    <p class='ocr_par' dir='ltr' id='par_1_2' title="bbox 693 306 1353 371">
     <span class='ocr_line' id='line_1_2' title="bbox 693 306 1353 371; baseline -0.002 -17"><span class='ocrx_word' id='word_1_3' title='bbox 693 306 787 354; x_wconf 81' lang='lat' dir='ltr'>No.</span> <span class='ocrx_word' id='word_1_4' title='bbox 816 312 875 354; x_wconf 75' lang='lat'>52</span> <span class='ocrx_word' id='word_1_5' title='bbox 902 307 1017 371; x_wconf 79' lang='lat' dir='ltr'>(Ep.</span> <span class='ocrx_word' id='word_1_6' title='bbox 1045 306 1353 371; x_wconf 80' lang='lat' dir='ltr'>ccxxvn)</span> 
     </span>
    </p>
   </div>
   <div class='ocr_carea' id='block_1_3' title="bbox 323 415 1721 534">
    <p class='ocr_par' dir='ltr' id='par_1_3' title="bbox 323 415 1721 534">
     <span class='ocr_line' id='line_1_3' title="bbox 323 415 1721 472; baseline -0.001 -13"><span class='ocrx_word' id='word_1_7' title='bbox 323 417 527 472; x_wconf 76' lang='lat' dir='ltr'><strong>[BEATI</strong></span> <span class='ocrx_word' id='word_1_8' title='bbox 560 416 913 459; x_wconf 77' lang='lat' dir='ltr'>AUGUSTINI</span> <span class='ocrx_word' id='word_1_9' title='bbox 945 416 1030 457; x_wconf 90' lang='lat' dir='ltr'>AD</span> <span class='ocrx_word' id='word_1_10' title='bbox 1062 415 1278 458; x_wconf 79' lang='lat' dir='ltr'>SENEM</span> <span class='ocrx_word' id='word_1_11' title='bbox 1311 415 1604 459; x_wconf 88' lang='lat' dir='ltr'><strong>ALYPIUM</strong></span> <span class='ocrx_word' id='word_1_12' title='bbox 1637 415 1721 458; x_wconf 92' lang='lat' dir='ltr'>DE</span> 
     </span>
     <span class='ocr_line' id='line_1_4' title="bbox 632 481 1426 534; baseline -0.003 -10"><span class='ocrx_word' id='word_1_13' title='bbox 632 481 1083 524; x_wconf 76' lang='lat' dir='ltr'>CONVERSIONE</span> <span class='ocrx_word' id='word_1_14' title='bbox 1105 481 1426 534; x_wconf 87' lang='lat' dir='ltr'>DIOSCURI]</span> 
     </span>
    </p>
   </div>
   <div class='ocr_carea' id='block_1_4' title="bbox 267 600 1785 1620">
    <p class='ocr_par' dir='ltr' id='par_1_4' title="bbox 267 600 1785 1620">
     <span class='ocr_line' id='line_1_5' title="bbox 335 600 1782 665; baseline -0.001 -16"><span class='ocrx_word' id='word_1_15' title='bbox 335 603 516 649; x_wconf 90' lang='lat' dir='ltr'>Frater</span> <span class='ocrx_word' id='word_1_16' title='bbox 550 601 737 649; x_wconf 90' lang='lat' dir='ltr'>Paulus</span> <span class='ocrx_word' id='word_1_17' title='bbox 770 600 852 648; x_wconf 89' lang='lat' dir='ltr'>hic</span> <span class='ocrx_word' id='word_1_18' title='bbox 888 608 966 648; x_wconf 91' lang='lat' dir='ltr'>est</span> <span class='ocrx_word' id='word_1_19' title='bbox 999 600 1298 656; x_wconf 88' lang='lat' dir='ltr'>incolumis;</span> <span class='ocrx_word' id='word_1_20' title='bbox 1352 601 1593 664; x_wconf 79' lang='lat' dir='ltr'>adportat</span> <span class='ocrx_word' id='word_1_21' title='bbox 1625 617 1782 665; x_wconf 86' lang='lat' dir='ltr'>nego-</span> 
     </span>
     <span class='ocr_line' id='line_1_6' title="bbox 268 669 1782 732; baseline -0.001 -14"><span class='ocrx_word' id='word_1_22' title='bbox 268 675 457 719; x_wconf 88' lang='lat' dir='ltr'>tiorum</span> <span class='ocrx_word' id='word_1_23' title='bbox 484 688 689 717; x_wconf 90' lang='lat' dir='ltr'>suorum</span> <span class='ocrx_word' id='word_1_24' title='bbox 717 670 965 716; x_wconf 85' lang='lat' dir='ltr'>secundas</span> <span class='ocrx_word' id='word_1_25' title='bbox 992 686 1136 716; x_wconf 87' lang='lat' dir='ltr'>curas</span> <span class='ocrx_word' id='word_1_26' title='bbox 1162 685 1173 725; x_wconf 79' lang='lat'><em>3</em></span> <span class='ocrx_word' id='word_1_27' title='bbox 1217 670 1503 732; x_wconf 76' lang='lat' dir='ltr'><strong>praestabit</strong></span> <span class='ocrx_word' id='word_1_28' title='bbox 1529 669 1782 725; x_wconf 86' lang='lat' dir='ltr'>dominus,</span> 
     </span>
     <span class='ocr_line' id='line_1_7' title="bbox 268 737 1780 802; baseline -0.001 -16"><span class='ocrx_word' id='word_1_29' title='bbox 268 747 327 786; x_wconf 92' lang='lat' dir='ltr'>ut</span> <span class='ocrx_word' id='word_1_30' title='bbox 365 742 522 786; x_wconf 87' lang='lat' dir='ltr'>etiam</span> <span class='ocrx_word' id='word_1_31' title='bbox 557 742 667 802; x_wconf 88' lang='lat' dir='ltr'>ipsa</span> <span class='ocrx_word' id='word_1_32' title='bbox 703 738 883 785; x_wconf 88' lang='lat' dir='ltr'>ultima</span> <span class='ocrx_word' id='word_1_33' title='bbox 921 740 1037 784; x_wconf 88' lang='lat' dir='ltr'>sint.</span> <span class='ocrx_word' id='word_1_34' title='bbox 1109 737 1337 784; x_wconf 82' lang='lat' dir='ltr'>Multum</span> <span class='ocrx_word' id='word_1_35' title='bbox 1373 754 1460 784; x_wconf 91' lang='lat' dir='ltr'>vos</span> <span class='ocrx_word' id='word_1_36' title='bbox 1496 737 1688 784; x_wconf 89' lang='lat' dir='ltr'>salutat</span> <span class='ocrx_word' id='word_1_37' title='bbox 1725 744 1780 784; x_wconf 90' lang='lat' dir='ltr'>et</span> 
     </span>
     <span class='ocr_line' id='line_1_8' title="bbox 267 805 1783 871; baseline -0.002 -17"><span class='ocrx_word' id='word_1_38' title='bbox 267 814 442 854; x_wconf 87' lang='lat' dir='ltr'>narrat</span> <span class='ocrx_word' id='word_1_39' title='bbox 473 807 659 871; x_wconf 88' lang='lat' dir='ltr'>gaudia</span> <span class='ocrx_word' id='word_1_40' title='bbox 692 807 756 853; x_wconf 93' lang='lat' dir='ltr'>de</span> <span class='ocrx_word' id='word_1_41' title='bbox 790 805 1091 861; x_wconf 74' lang='lat' dir='ltr'>Gaviniano,</span> <span class='ocrx_word' id='word_1_42' title='bbox 1123 806 1261 869; x_wconf 90' lang='lat' dir='ltr'>quod</span> <span class='ocrx_word' id='word_1_43' title='bbox 1297 806 1361 852; x_wconf 93' lang='lat' dir='ltr'>ab</span> <span class='ocrx_word' id='word_1_44' title='bbox 1391 805 1477 852; x_wconf 89' lang='lat' dir='ltr'>illa</span> <span class='ocrx_word' id='word_1_45' title='bbox 1507 822 1600 852; x_wconf 89' lang='lat' dir='ltr'>sua</span> <span class='ocrx_word' id='word_1_46' title='bbox 1629 821 1783 852; x_wconf 86' lang='lat' dir='ltr'>causa</span> 
     </span>
     <span class='ocr_line' id='line_1_9' title="bbox 268 872 1783 923; baseline -0.001 -1"><span class='ocrx_word' id='word_1_47' title='bbox 268 875 612 923; x_wconf 76' lang='lat' dir='ltr'>misericordia</span> <span class='ocrx_word' id='word_1_48' title='bbox 641 875 724 922; x_wconf 91' lang='lat' dir='ltr'>dei</span> <span class='ocrx_word' id='word_1_49' title='bbox 750 874 996 921; x_wconf 89' lang='lat' dir='ltr'>liberatus</span> <span class='ocrx_word' id='word_1_50' title='bbox 1024 891 1127 920; x_wconf 91' lang='lat' dir='ltr'>non</span> <span class='ocrx_word' id='word_1_51' title='bbox 1155 873 1317 920; x_wconf 90' lang='lat' dir='ltr'>solum</span> <span class='ocrx_word' id='word_1_52' title='bbox 1346 872 1662 920; x_wconf 80' lang='lat' dir='ltr'>Christianus</span> <span class='ocrx_word' id='word_1_53' title='bbox 1690 873 1783 920; x_wconf 85' lang='lat' dir='ltr'>sed</span> 
     </span>
     <span class='ocr_line' id='line_1_10' title="bbox 271 940 1781 1005; baseline -0.001 -15"><span class='ocrx_word' id='word_1_54' title='bbox 271 947 428 991; x_wconf 92' lang='lat' dir='ltr'>etiam</span> <span class='ocrx_word' id='word_1_55' title='bbox 473 942 634 990; x_wconf 89' lang='lat' dir='ltr'>fidelis</span> <span class='ocrx_word' id='word_1_56' title='bbox 679 946 745 989; x_wconf 91' lang='lat' dir='ltr'>sit</span> <span class='ocrx_word' id='word_1_57' title='bbox 788 941 935 989; x_wconf 83' lang='lat' dir='ltr'>valde</span> <span class='ocrx_word' id='word_1_58' title='bbox 978 943 1141 988; x_wconf 89' lang='lat' dir='ltr'>bonus</span> <span class='ocrx_word' id='word_1_59' title='bbox 1184 959 1277 1005; x_wconf 91' lang='lat' dir='ltr'>per</span> <span class='ocrx_word' id='word_1_60' title='bbox 1319 940 1508 1004; x_wconf 84' lang='lat' dir='ltr'>pascha</span> <span class='ocrx_word' id='word_1_61' title='bbox 1549 944 1781 1005; x_wconf 86' lang='lat' dir='ltr'>proxime</span> 
     </span>
     <span class='ocr_line' id='line_1_11' title="bbox 269 1009 1781 1075; baseline -0.002 -17"><span class='ocrx_word' id='word_1_62' title='bbox 269 1013 580 1075; x_wconf 86' lang='lat' dir='ltr'>baptizatus,</span> <span class='ocrx_word' id='word_1_63' title='bbox 620 1014 673 1056; x_wconf 89' lang='lat' dir='ltr'>in</span> <span class='ocrx_word' id='word_1_64' title='bbox 713 1011 864 1057; x_wconf 85' lang='lat' dir='ltr'>corde</span> <span class='ocrx_word' id='word_1_65' title='bbox 907 1017 1064 1073; x_wconf 89' lang='lat' dir='ltr'>atque</span> <span class='ocrx_word' id='word_1_66' title='bbox 1104 1013 1158 1055; x_wconf 92' lang='lat' dir='ltr'>in</span> <span class='ocrx_word' id='word_1_67' title='bbox 1198 1026 1284 1056; x_wconf 93' lang='lat' dir='ltr'>ore</span> <span class='ocrx_word' id='word_1_68' title='bbox 1325 1009 1520 1056; x_wconf 90' lang='lat' dir='ltr'>habens</span> <span class='ocrx_word' id='word_1_69' title='bbox 1560 1012 1781 1074; x_wconf 85' lang='lat' dir='ltr'>gratiam</span> 
     </span>
     <span class='ocr_line' id='line_1_12' title="bbox 270 1077 1782 1144; baseline -0.002 -17"><span class='ocrx_word' id='word_1_70' title='bbox 270 1097 425 1144; x_wconf 90' lang='lat' dir='ltr'>quam</span> <span class='ocrx_word' id='word_1_71' title='bbox 459 1082 708 1142; x_wconf 79' lang='lat' dir='ltr'>percepit.</span> <span class='ocrx_word' id='word_1_72' title='bbox 779 1078 1045 1137; x_wconf 81' lang='lat' dir='ltr'>Quantum</span> <span class='ocrx_word' id='word_1_73' title='bbox 1082 1094 1200 1124; x_wconf 90' lang='lat' dir='ltr'>eum</span> <span class='ocrx_word' id='word_1_74' title='bbox 1236 1078 1542 1134; x_wconf 84' lang='lat' dir='ltr'>desiderem,</span> <span class='ocrx_word' id='word_1_75' title='bbox 1577 1077 1782 1141; x_wconf 88' lang='lat' dir='ltr'>quando</span> 
     </span>
     <span class='ocr_line' id='line_1_13' title="bbox 270 1144 1784 1211; baseline -0.002 -17"><span class='ocrx_word' id='word_1_76' title='bbox 270 1147 577 1211; x_wconf 84' lang='lat' dir='ltr'>explicabo?</span> <span class='ocrx_word' id='word_1_77' title='bbox 647 1146 749 1193; x_wconf 88' lang='lat' dir='ltr'>Sed</span> <span class='ocrx_word' id='word_1_78' title='bbox 790 1149 924 1193; x_wconf 89' lang='lat' dir='ltr'>nosti</span> <span class='ocrx_word' id='word_1_79' title='bbox 967 1153 1025 1192; x_wconf 93' lang='lat' dir='ltr'>ut</span> <span class='ocrx_word' id='word_1_80' title='bbox 1066 1163 1184 1192; x_wconf 91' lang='lat' dir='ltr'>eum</span> <span class='ocrx_word' id='word_1_81' title='bbox 1219 1145 1443 1210; x_wconf 79' lang='lat' dir='ltr'>diligam.</span> <span class='ocrx_word' id='word_1_82' title='bbox 1513 1144 1784 1192; x_wconf 83' lang='lat' dir='ltr'>Archiater</span> 
     </span>
     <span class='ocr_line' id='line_1_14' title="bbox 271 1213 1784 1278; baseline -0.002 -15"><span class='ocrx_word' id='word_1_83' title='bbox 271 1220 428 1263; x_wconf 88' lang='lat' dir='ltr'>etiam</span> <span class='ocrx_word' id='word_1_84' title='bbox 447 1215 718 1262; x_wconf 87' lang='lat' dir='ltr'>Dioscorus</span> <span class='ocrx_word' id='word_1_85' title='bbox 747 1214 1062 1261; x_wconf 85' lang='lat' dir='ltr'>Christianus</span> <span class='ocrx_word' id='word_1_86' title='bbox 1089 1213 1249 1261; x_wconf 89' lang='lat' dir='ltr'>fidelis</span> <span class='ocrx_word' id='word_1_87' title='bbox 1277 1221 1371 1270; x_wconf 88' lang='lat' dir='ltr'>est,</span> <span class='ocrx_word' id='word_1_88' title='bbox 1397 1213 1545 1260; x_wconf 88' lang='lat' dir='ltr'>simul</span> <span class='ocrx_word' id='word_1_89' title='bbox 1563 1217 1784 1278; x_wconf 85' lang='lat' dir='ltr'>gratiam</span> 
     </span>
     <span class='ocr_line' id='line_1_15' title="bbox 270 1282 1782 1345; baseline -0.002 -14"><span class='ocrx_word' id='word_1_90' title='bbox 270 1291 588 1331; x_wconf 66' lang='lat' dir='ltr'>consecutus</span> <span class='ocrx_word' id='word_1_91' title='bbox 659 1283 796 1329; x_wconf 83' lang='lat' dir='ltr'>Audi</span> <span class='ocrx_word' id='word_1_92' title='bbox 832 1286 990 1329; x_wconf 89' lang='lat' dir='ltr'>etiam</span> <span class='ocrx_word' id='word_1_93' title='bbox 1026 1299 1180 1345; x_wconf 89' lang='lat' dir='ltr'>quem</span> <span class='ocrx_word' id='word_1_94' title='bbox 1217 1282 1281 1329; x_wconf 90' lang='lat' dir='ltr'>ad</span> <span class='ocrx_word' id='word_1_95' title='bbox 1314 1282 1560 1337; x_wconf 84' lang='lat' dir='ltr'>modum3</span> <span class='ocrx_word' id='word_1_96' title='bbox 1612 1298 1782 1345; x_wconf 91' lang='lat' dir='ltr'>neque</span> 
     </span>
     <span class='ocr_line' id='line_1_16' title="bbox 272 1349 1783 1414; baseline -0.002 -15"><span class='ocrx_word' id='word_1_97' title='bbox 272 1356 408 1399; x_wconf 92' lang='lat' dir='ltr'>enim</span> <span class='ocrx_word' id='word_1_98' title='bbox 450 1351 698 1398; x_wconf 78' lang='lat' dir='ltr'>cervicula</span> <span class='ocrx_word' id='word_1_99' title='bbox 739 1350 825 1396; x_wconf 88' lang='lat' dir='ltr'>illa</span> <span class='ocrx_word' id='word_1_100' title='bbox 866 1350 947 1396; x_wconf 80' lang='lat' dir='ltr'>vel</span> <span class='ocrx_word' id='word_1_101' title='bbox 987 1349 1163 1414; x_wconf 84' lang='lat' dir='ltr'>lingua</span> <span class='ocrx_word' id='word_1_102' title='bbox 1204 1353 1299 1396; x_wconf 90' lang='lat' dir='ltr'>nisi</span> <span class='ocrx_word' id='word_1_103' title='bbox 1341 1349 1510 1413; x_wconf 88' lang='lat' dir='ltr'>aliquo</span> <span class='ocrx_word' id='word_1_104' title='bbox 1551 1350 1783 1414; x_wconf 89' lang='lat' dir='ltr'>prodigio</span> 
     </span>
     <span class='ocr_line' id='line_1_17' title="bbox 272 1418 1785 1481; baseline -0.003 -13"><span class='ocrx_word' id='word_1_105' title='bbox 272 1422 618 1469; x_wconf 88' lang='lat' dir='ltr'>domarentur.</span> <span class='ocrx_word' id='word_1_106' title='bbox 689 1418 815 1465; x_wconf 84' lang='lat' dir='ltr'>Filia</span> <span class='ocrx_word' id='word_1_107' title='bbox 848 1421 973 1474; x_wconf 81' lang='lat' dir='ltr'>eius,</span> <span class='ocrx_word' id='word_1_108' title='bbox 1004 1421 1056 1464; x_wconf 91' lang='lat' dir='ltr'>in</span> <span class='ocrx_word' id='word_1_109' title='bbox 1088 1435 1189 1481; x_wconf 89' lang='lat' dir='ltr'>qua</span> <span class='ocrx_word' id='word_1_110' title='bbox 1220 1421 1369 1464; x_wconf 91' lang='lat' dir='ltr'>unica</span> <span class='ocrx_word' id='word_1_111' title='bbox 1400 1419 1785 1481; x_wconf 88' lang='lat' dir='ltr'>adquiescebat,</span> 
     </span>
     <span class='ocr_line' id='line_1_18' title="bbox 273 1485 1784 1553; baseline -0.002 -18"><span class='ocrx_word' id='word_1_112' title='bbox 273 1489 579 1553; x_wconf 87' lang='lat' dir='ltr'>aegrotabat</span> <span class='ocrx_word' id='word_1_113' title='bbox 608 1494 662 1534; x_wconf 91' lang='lat' dir='ltr'>et</span> <span class='ocrx_word' id='word_1_114' title='bbox 689 1503 850 1550; x_wconf 90' lang='lat' dir='ltr'>usque</span> <span class='ocrx_word' id='word_1_115' title='bbox 881 1487 945 1533; x_wconf 90' lang='lat' dir='ltr'>ad</span> <span class='ocrx_word' id='word_1_116' title='bbox 972 1493 1138 1533; x_wconf 88' lang='lat' dir='ltr'>totam</span> <span class='ocrx_word' id='word_1_117' title='bbox 1167 1487 1580 1549; x_wconf 88' lang='lat' dir='ltr'>desperationem</span> <span class='ocrx_word' id='word_1_118' title='bbox 1607 1485 1784 1533; x_wconf 89' lang='lat' dir='ltr'>salutis</span> 
     </span>
     <span class='ocr_line' id='line_1_19' title="bbox 271 1556 1782 1620; baseline -0.003 -16"><span class='ocrx_word' id='word_1_119' title='bbox 271 1556 567 1620; x_wconf 87' lang='lat' dir='ltr'>temporalis</span> <span class='ocrx_word' id='word_1_120' title='bbox 608 1556 790 1602; x_wconf 90' lang='lat' dir='ltr'>eodem</span> <span class='ocrx_word' id='word_1_121' title='bbox 827 1558 937 1617; x_wconf 88' lang='lat' dir='ltr'>ipso</span> <span class='ocrx_word' id='word_1_122' title='bbox 975 1562 1123 1617; x_wconf 89' lang='lat' dir='ltr'>patre</span> <span class='ocrx_word' id='word_1_123' title='bbox 1161 1557 1493 1601; x_wconf 88' lang='lat' dir='ltr'>renuntiante</span> <span class='ocrx_word' id='word_1_124' title='bbox 1531 1557 1782 1617; x_wconf 87' lang='lat' dir='ltr'>pervenit.</span> 
     </span>
    </p>
   </div>
   <div class='ocr_carea' id='block_1_5' title="bbox 272 1659 1836 2591">
    <p class='ocr_par' dir='ltr' id='par_1_5' title="bbox 276 1659 1783 1822">
     <span class='ocr_line' id='line_1_20' title="bbox 333 1659 1781 1712; baseline -0.001 -9"><span class='ocrx_word' id='word_1_125' title='bbox 333 1669 351 1687; x_wconf 70' lang='grc' dir='ltr'><em>α</em></span> <span class='ocrx_word' id='word_1_126' title='bbox 384 1663 626 1703; x_wconf 87' lang='lat' dir='ltr'>Dioscurus</span> <span class='ocrx_word' id='word_1_127' title='bbox 647 1663 683 1702; x_wconf 83' lang='lat' dir='ltr'>is</span> <span class='ocrx_word' id='word_1_128' title='bbox 705 1660 935 1700; x_wconf 74' lang='lat' dir='ltr'>unknown</span> <span class='ocrx_word' id='word_1_129' title='bbox 958 1664 1112 1712; x_wconf 81' lang='lat' dir='ltr'>except</span> <span class='ocrx_word' id='word_1_130' title='bbox 1132 1661 1250 1700; x_wconf 87' lang='lat' dir='ltr'>from</span> <span class='ocrx_word' id='word_1_131' title='bbox 1276 1660 1364 1700; x_wconf 90' lang='lat' dir='ltr'>this</span> <span class='ocrx_word' id='word_1_132' title='bbox 1391 1659 1530 1701; x_wconf 88' lang='lat' dir='ltr'>letter.</span> <span class='ocrx_word' id='word_1_133' title='bbox 1594 1660 1781 1701; x_wconf 88' lang='lat' dir='ltr'>Brother</span> 
     </span>
     <span class='ocr_line' id='line_1_21' title="bbox 277 1714 1783 1770; baseline -0.002 -12"><span class='ocrx_word' id='word_1_134' title='bbox 277 1717 388 1758; x_wconf 90' lang='lat' dir='ltr'>Paul</span> <span class='ocrx_word' id='word_1_135' title='bbox 403 1720 437 1758; x_wconf 86' lang='lat' dir='ltr'>is</span> <span class='ocrx_word' id='word_1_136' title='bbox 451 1716 670 1770; x_wconf 74' lang='lat' dir='ltr'>probably</span> <span class='ocrx_word' id='word_1_137' title='bbox 684 1716 757 1756; x_wconf 90' lang='lat' dir='ltr'>the</span> <span class='ocrx_word' id='word_1_138' title='bbox 773 1715 883 1755; x_wconf 86' lang='lat' dir='ltr'>Paul</span> <span class='ocrx_word' id='word_1_139' title='bbox 897 1714 1152 1755; x_wconf 88' lang='lat' dir='ltr'>mentioned</span> <span class='ocrx_word' id='word_1_140' title='bbox 1167 1717 1211 1754; x_wconf 93' lang='lat' dir='ltr'>in</span> <span class='ocrx_word' id='word_1_141' title='bbox 1224 1715 1299 1755; x_wconf 91' lang='lat' dir='ltr'>the</span> <span class='ocrx_word' id='word_1_142' title='bbox 1313 1714 1397 1755; x_wconf 89' lang='lat' dir='ltr'>last</span> <span class='ocrx_word' id='word_1_143' title='bbox 1408 1714 1547 1756; x_wconf 89' lang='lat' dir='ltr'>letter.</span> <span class='ocrx_word' id='word_1_144' title='bbox 1579 1715 1783 1768; x_wconf 88' lang='lat' dir='ltr'>Nothing</span> 
     </span>
     <span class='ocr_line' id='line_1_22' title="bbox 276 1769 1744 1822; baseline -0.003 -8"><span class='ocrx_word' id='word_1_145' title='bbox 276 1776 312 1814; x_wconf 93' lang='lat' dir='ltr'>is</span> <span class='ocrx_word' id='word_1_146' title='bbox 334 1772 500 1813; x_wconf 75' lang='lat' dir='ltr'>known</span> <span class='ocrx_word' id='word_1_147' title='bbox 523 1773 574 1811; x_wconf 89' lang='lat' dir='ltr'>of</span> <span class='ocrx_word' id='word_1_148' title='bbox 590 1771 665 1811; x_wconf 88' lang='lat' dir='ltr'>the</span> <span class='ocrx_word' id='word_1_149' title='bbox 686 1771 888 1811; x_wconf 82' lang='lat' dir='ltr'>business</span> <span class='ocrx_word' id='word_1_150' title='bbox 911 1769 1014 1810; x_wconf 89' lang='lat' dir='ltr'>here</span> <span class='ocrx_word' id='word_1_151' title='bbox 1035 1769 1208 1822; x_wconf 85' lang='lat' dir='ltr'>spoken</span> <span class='ocrx_word' id='word_1_152' title='bbox 1230 1770 1290 1817; x_wconf 88' lang='lat' dir='ltr'>of,</span> <span class='ocrx_word' id='word_1_153' title='bbox 1313 1783 1362 1810; x_wconf 92' lang='lat' dir='ltr'>or</span> <span class='ocrx_word' id='word_1_154' title='bbox 1383 1771 1434 1810; x_wconf 90' lang='lat' dir='ltr'>of</span> <span class='ocrx_word' id='word_1_155' title='bbox 1451 1769 1744 1811; x_wconf 87' lang='lat' dir='ltr'>Gavinianus.</span> 
     </span>
    </p>

    <p class='ocr_par' dir='ltr' id='par_1_6' title="bbox 272 1824 1785 2373">
     <span class='ocr_line' id='line_1_23' title="bbox 337 1824 1784 1873; baseline -0.001 -5"><span class='ocrx_word' id='word_1_156' title='bbox 337 1827 352 1852; x_wconf 62' lang='grc' dir='ltr'>δ</span> <span class='ocrx_word' id='word_1_157' title='bbox 386 1827 427 1868; x_wconf 87' lang='lat' dir='ltr'><em>F</em></span> <span class='ocrx_word' id='word_1_158' title='bbox 431 1827 558 1867; x_wconf 69' lang='lat' dir='ltr'>idelis</span> <span class='ocrx_word' id='word_1_159' title='bbox 585 1828 629 1866; x_wconf 92' lang='lat' dir='ltr'>in</span> <span class='ocrx_word' id='word_1_160' title='bbox 655 1826 742 1866; x_wconf 87' lang='lat' dir='ltr'>this</span> <span class='ocrx_word' id='word_1_161' title='bbox 768 1838 893 1865; x_wconf 90' lang='lat' dir='ltr'>sense</span> <span class='ocrx_word' id='word_1_162' title='bbox 918 1826 954 1865; x_wconf 85' lang='lat' dir='ltr'>is</span> <span class='ocrx_word' id='word_1_163' title='bbox 979 1824 1232 1864; x_wconf 86' lang='lat' dir='ltr'>contrasted</span> <span class='ocrx_word' id='word_1_164' title='bbox 1257 1824 1363 1864; x_wconf 79' lang='lat' dir='ltr'>with</span> <span class='ocrx_word' id='word_1_165' title='bbox 1389 1825 1730 1873; x_wconf 77' lang='lat' dir='ltr'>catechumenus,</span> <span class='ocrx_word' id='word_1_166' title='bbox 1756 1839 1784 1866; x_wconf 85' lang='lat' dir='ltr'>a</span> 
     </span>
     <span class='ocr_line' id='line_1_24' title="bbox 277 1878 1779 1931; baseline -0.002 -8"><span class='ocrx_word' id='word_1_167' title='bbox 277 1882 533 1923; x_wconf 82' lang='lat' dir='ltr'>distinction</span> <span class='ocrx_word' id='word_1_168' title='bbox 554 1880 697 1921; x_wconf 77' lang='lat' dir='ltr'>which</span> <span class='ocrx_word' id='word_1_169' title='bbox 724 1882 759 1920; x_wconf 90' lang='lat' dir='ltr'>is</span> <span class='ocrx_word' id='word_1_170' title='bbox 789 1893 837 1920; x_wconf 89' lang='lat' dir='ltr'>as</span> <span class='ocrx_word' id='word_1_171' title='bbox 858 1878 980 1931; x_wconf 80' lang='lat' dir='ltr'>early</span> <span class='ocrx_word' id='word_1_172' title='bbox 999 1892 1047 1919; x_wconf 90' lang='lat' dir='ltr'>as</span> <span class='ocrx_word' id='word_1_173' title='bbox 1067 1879 1311 1919; x_wconf 89' lang='lat' dir='ltr'>Tertullian</span> <span class='ocrx_word' id='word_1_174' title='bbox 1331 1879 1549 1930; x_wconf 76' lang='lat' dir='ltr'>(Praescr.</span> <span class='ocrx_word' id='word_1_175' title='bbox 1572 1879 1706 1920; x_wconf 77' lang='lat' dir='ltr'>Haer.</span> <span class='ocrx_word' id='word_1_176' title='bbox 1727 1882 1779 1920; x_wconf 87' lang='lat'>41</span> 
     </span>
     <span class='ocr_line' id='line_1_25' title="bbox 278 1933 1785 1990; baseline -0.003 -12"><span class='ocrx_word' id='word_1_177' title='bbox 278 1938 304 1953; x_wconf 90' lang='grc'>“</span> <span class='ocrx_word' id='word_1_178' title='bbox 325 1939 425 1990; x_wconf 85' lang='lat' dir='ltr'>quis</span> <span class='ocrx_word' id='word_1_179' title='bbox 465 1935 826 1982; x_wconf 87' lang='lat' dir='ltr'>catechumenus,</span> <span class='ocrx_word' id='word_1_180' title='bbox 869 1936 968 1986; x_wconf 87' lang='lat' dir='ltr'>quis</span> <span class='ocrx_word' id='word_1_181' title='bbox 1009 1933 1165 1981; x_wconf 87' lang='lat' dir='ltr'>fidelis,</span> <span class='ocrx_word' id='word_1_182' title='bbox 1208 1936 1426 1974; x_wconf 85' lang='lat' dir='ltr'>incertum</span> <span class='ocrx_word' id='word_1_183' title='bbox 1466 1937 1561 1981; x_wconf 84' lang='lat' dir='ltr'>est;</span> <span class='ocrx_word' id='word_1_184' title='bbox 1618 1936 1785 1986; x_wconf 89' lang='lat' dir='ltr'>pariter</span> 
     </span>
     <span class='ocr_line' id='line_1_26' title="bbox 279 1987 1784 2043; baseline -0.001 -11"><span class='ocrx_word' id='word_1_185' title='bbox 279 1992 460 2039; x_wconf 85' lang='lat' dir='ltr'>adeunt,</span> <span class='ocrx_word' id='word_1_186' title='bbox 496 1992 661 2043; x_wconf 87' lang='lat' dir='ltr'>pariter</span> <span class='ocrx_word' id='word_1_187' title='bbox 699 1989 903 2036; x_wconf 87' lang='lat' dir='ltr'>audiunt,</span> <span class='ocrx_word' id='word_1_188' title='bbox 939 1991 1103 2041; x_wconf 85' lang='lat' dir='ltr'>pariter</span> <span class='ocrx_word' id='word_1_189' title='bbox 1141 1989 1345 2039; x_wconf 84' lang='lat' dir='ltr'>orant&#39;’).</span> <span class='ocrx_word' id='word_1_190' title='bbox 1407 1988 1587 2029; x_wconf 86' lang='lat' dir='ltr'>Jerome</span> <span class='ocrx_word' id='word_1_191' title='bbox 1621 1987 1784 2041; x_wconf 88' lang='lat' dir='ltr'>speaks</span> 
     </span>
     <span class='ocr_line' id='line_1_27' title="bbox 277 2043 1783 2098; baseline -0.002 -11"><span class='ocrx_word' id='word_1_192' title='bbox 277 2047 351 2098; x_wconf 75' lang='lat' dir='ltr'>(In</span> <span class='ocrx_word' id='word_1_193' title='bbox 374 2047 540 2086; x_wconf 75' lang='lat' dir='ltr'>Isaiam</span> <span class='ocrx_word' id='word_1_194' title='bbox 562 2047 647 2086; x_wconf 83' lang='lat' dir='ltr'>xix.</span> <span class='ocrx_word' id='word_1_195' title='bbox 677 2044 745 2095; x_wconf 86' lang='lat'>19)</span> <span class='ocrx_word' id='word_1_196' title='bbox 770 2045 820 2084; x_wconf 89' lang='lat' dir='ltr'>of</span> <span class='ocrx_word' id='word_1_197' title='bbox 837 2044 922 2084; x_wconf 85' lang='lat' dir='ltr'>five</span> <span class='ocrx_word' id='word_1_198' title='bbox 945 2043 1094 2083; x_wconf 83' lang='lat' dir='ltr'>orders</span> <span class='ocrx_word' id='word_1_199' title='bbox 1118 2045 1162 2083; x_wconf 92' lang='lat' dir='ltr'>in</span> <span class='ocrx_word' id='word_1_200' title='bbox 1192 2043 1267 2084; x_wconf 90' lang='lat' dir='ltr'>the</span> <span class='ocrx_word' id='word_1_201' title='bbox 1298 2043 1476 2084; x_wconf 86' lang='lat' dir='ltr'>Church</span> <span class='ocrx_word' id='word_1_202' title='bbox 1496 2060 1506 2084; x_wconf 70' lang='lat' dir='ltr'><em>z</em></span> <span class='ocrx_word' id='word_1_203' title='bbox 1547 2043 1783 2096; x_wconf 80' lang='lat' dir='ltr'>episcopos,</span> 
     </span>
     <span class='ocr_line' id='line_1_28' title="bbox 272 2097 1784 2154; baseline -0.002 -12"><span class='ocrx_word' id='word_1_204' title='bbox 272 2102 559 2154; x_wconf 76' lang='lat' dir='ltr'>presbyteros,</span> <span class='ocrx_word' id='word_1_205' title='bbox 594 2100 812 2146; x_wconf 74' lang='lat' dir='ltr'>diaconos,</span> <span class='ocrx_word' id='word_1_206' title='bbox 835 2099 1008 2150; x_wconf 70' lang='lat' dir='ltr'>fideIeS,</span> <span class='ocrx_word' id='word_1_207' title='bbox 1041 2099 1376 2145; x_wconf 73' lang='lat' dir='ltr'>catechumenos,</span> <span class='ocrx_word' id='word_1_208' title='bbox 1409 2097 1498 2138; x_wconf 91' lang='lat' dir='ltr'>and</span> <span class='ocrx_word' id='word_1_209' title='bbox 1529 2098 1784 2151; x_wconf 88' lang='lat' dir='ltr'>Augustine</span> 
     </span>
     <span class='ocr_line' id='line_1_29' title="bbox 277 2151 1785 2207; baseline -0.001 -12"><span class='ocrx_word' id='word_1_210' title='bbox 277 2157 435 2207; x_wconf 74' lang='lat' dir='ltr'>(Serm.</span> <span class='ocrx_word' id='word_1_211' title='bbox 463 2158 532 2195; x_wconf 70' lang='lat'>21.</span> <span class='ocrx_word' id='word_1_212' title='bbox 560 2155 605 2205; x_wconf 80' lang='lat'>5)</span> <span class='ocrx_word' id='word_1_213' title='bbox 633 2155 853 2194; x_wconf 87' lang='lat' dir='ltr'>mentions</span> <span class='ocrx_word' id='word_1_214' title='bbox 880 2167 906 2192; x_wconf 85' lang='lat' dir='ltr'>a</span> <span class='ocrx_word' id='word_1_215' title='bbox 933 2152 1090 2205; x_wconf 87' lang='lat' dir='ltr'>higher</span> <span class='ocrx_word' id='word_1_216' title='bbox 1116 2152 1228 2193; x_wconf 88' lang='lat' dir='ltr'>kind</span> <span class='ocrx_word' id='word_1_217' title='bbox 1255 2153 1306 2192; x_wconf 88' lang='lat' dir='ltr'>of</span> <span class='ocrx_word' id='word_1_218' title='bbox 1325 2152 1452 2200; x_wconf 80' lang='lat' dir='ltr'>saith,</span> <span class='ocrx_word' id='word_1_219' title='bbox 1481 2152 1507 2168; x_wconf 90' lang='grc'>“</span> <span class='ocrx_word' id='word_1_220' title='bbox 1528 2166 1619 2205; x_wconf 91' lang='lat' dir='ltr'>qua</span> <span class='ocrx_word' id='word_1_221' title='bbox 1643 2151 1785 2194; x_wconf 87' lang='lat' dir='ltr'>fidelis</span> 
     </span>
     <span class='ocr_line' id='line_1_30' title="bbox 277 2206 1783 2259; baseline -0.002 -8"><span class='ocrx_word' id='word_1_222' title='bbox 277 2212 461 2257; x_wconf 84' lang='lat' dir='ltr'>vocaris,</span> <span class='ocrx_word' id='word_1_223' title='bbox 483 2208 698 2249; x_wconf 84' lang='lat' dir='ltr'>accedens</span> <span class='ocrx_word' id='word_1_224' title='bbox 719 2207 775 2248; x_wconf 90' lang='lat' dir='ltr'>ad</span> <span class='ocrx_word' id='word_1_225' title='bbox 798 2221 999 2248; x_wconf 85' lang='lat' dir='ltr'>mensam</span> <span class='ocrx_word' id='word_1_226' title='bbox 1022 2208 1203 2247; x_wconf 90' lang='lat' dir='ltr'>Domini</span> <span class='ocrx_word' id='word_1_227' title='bbox 1222 2207 1336 2254; x_wconf 84' lang='lat' dir='ltr'>tui‚&#39;’</span> <span class='ocrx_word' id='word_1_228' title='bbox 1357 2206 1446 2247; x_wconf 89' lang='lat' dir='ltr'>and</span> <span class='ocrx_word' id='word_1_229' title='bbox 1467 2206 1625 2258; x_wconf 78' lang='lat' dir='ltr'>(Serm.</span> <span class='ocrx_word' id='word_1_230' title='bbox 1647 2210 1716 2248; x_wconf 88' lang='grc'>93.</span> <span class='ocrx_word' id='word_1_231' title='bbox 1738 2207 1783 2259; x_wconf 76' lang='lat'>2)</span> 
     </span>
     <span class='ocr_line' id='line_1_31' title="bbox 278 2261 1785 2316; baseline -0.003 -10"><span class='ocrx_word' id='word_1_232' title='bbox 278 2265 444 2306; x_wconf 81' lang='lat' dir='ltr'>defines</span> <span class='ocrx_word' id='word_1_233' title='bbox 465 2265 648 2316; x_wconf 69' lang='lat' dir='ltr'>fidelis:</span> <span class='ocrx_word' id='word_1_234' title='bbox 698 2263 723 2279; x_wconf 79' lang='lat'>‘⁶</span> <span class='ocrx_word' id='word_1_235' title='bbox 747 2262 973 2303; x_wconf 87' lang='lat' dir='ltr'>Fidelibus</span> <span class='ocrx_word' id='word_1_236' title='bbox 1003 2261 1117 2310; x_wconf 88' lang='lat' dir='ltr'>dico,</span> <span class='ocrx_word' id='word_1_237' title='bbox 1148 2264 1209 2302; x_wconf 88' lang='lat' dir='ltr'>eis</span> <span class='ocrx_word' id='word_1_238' title='bbox 1239 2261 1402 2313; x_wconf 90' lang='lat' dir='ltr'>quibus</span> <span class='ocrx_word' id='word_1_239' title='bbox 1433 2261 1596 2302; x_wconf 89' lang='lat' dir='ltr'>Christi</span> <span class='ocrx_word' id='word_1_240' title='bbox 1624 2275 1785 2314; x_wconf 89' lang='lat' dir='ltr'>corpus</span> 
     </span>
     <span class='ocr_line' id='line_1_32' title="bbox 277 2317 1441 2373; baseline -0.003 -13"><span class='ocrx_word' id='word_1_241' title='bbox 277 2319 560 2373; x_wconf 78' lang='lat' dir='ltr'>erogamu5.&#39;’</span> <span class='ocrx_word' id='word_1_242' title='bbox 1135 2321 1149 2341; x_wconf 80' lang='lat'><strong><em>⁶</em></strong></span> <span class='ocrx_word' id='word_1_243' title='bbox 1183 2317 1313 2357; x_wconf 87' lang='lat' dir='ltr'>Rom.</span> <span class='ocrx_word' id='word_1_244' title='bbox 1336 2331 1377 2357; x_wconf 80' lang='grc' dir='ltr'>Χ.</span> <span class='ocrx_word' id='word_1_245' title='bbox 1402 2319 1441 2357; x_wconf 85' lang='grc'>8.</span> 
     </span>
    </p>

    <p class='ocr_par' dir='ltr' id='par_1_7' title="bbox 279 2368 1836 2591">
     <span class='ocr_line' id='line_1_33' title="bbox 336 2368 1784 2423; baseline -0.002 -9"><span class='ocrx_word' id='word_1_246' title='bbox 336 2375 354 2399; x_wconf 74' lang='lat'>‘²</span> <span class='ocrx_word' id='word_1_247' title='bbox 385 2374 480 2414; x_wconf 89' lang='lat' dir='ltr'>The</span> <span class='ocrx_word' id='word_1_248' title='bbox 528 2373 746 2413; x_wconf 74' lang='lat' dir='ltr'>archiater</span> <span class='ocrx_word' id='word_1_249' title='bbox 801 2370 1054 2422; x_wconf 83' lang='grc' dir='ltr'>(ἀρχιατρός)</span> <span class='ocrx_word' id='word_1_250' title='bbox 1103 2384 1193 2411; x_wconf 80' lang='lat' dir='ltr'>was</span> <span class='ocrx_word' id='word_1_251' title='bbox 1241 2384 1269 2411; x_wconf 90' lang='lat' dir='ltr'>a</span> <span class='ocrx_word' id='word_1_252' title='bbox 1318 2368 1562 2423; x_wconf 89' lang='lat' dir='ltr'>municipal</span> <span class='ocrx_word' id='word_1_253' title='bbox 1615 2369 1784 2419; x_wconf 85' lang='lat' dir='ltr'>doctor,</span> 
     </span>
     <span class='ocr_line' id='line_1_34' title="bbox 279 2424 1836 2482; baseline -0.003 -13"><span class='ocrx_word' id='word_1_254' title='bbox 279 2427 521 2482; x_wconf 87' lang='lat' dir='ltr'>appointed</span> <span class='ocrx_word' id='word_1_255' title='bbox 546 2428 608 2480; x_wconf 85' lang='lat' dir='ltr'>by</span> <span class='ocrx_word' id='word_1_256' title='bbox 631 2427 707 2467; x_wconf 92' lang='lat' dir='ltr'>the</span> <span class='ocrx_word' id='word_1_257' title='bbox 731 2425 965 2467; x_wconf 87' lang='lat' dir='ltr'>decurions</span> <span class='ocrx_word' id='word_1_258' title='bbox 989 2424 1079 2465; x_wconf 90' lang='lat' dir='ltr'>and</span> <span class='ocrx_word' id='word_1_259' title='bbox 1104 2427 1325 2478; x_wconf 87' lang='lat' dir='ltr'>receiving</span> <span class='ocrx_word' id='word_1_260' title='bbox 1349 2439 1376 2465; x_wconf 90' lang='lat' dir='ltr'>a</span> <span class='ocrx_word' id='word_1_261' title='bbox 1399 2424 1548 2476; x_wconf 88' lang='lat' dir='ltr'>salary</span> <span class='ocrx_word' id='word_1_262' title='bbox 1569 2425 1687 2466; x_wconf 86' lang='lat' dir='ltr'>from</span> <span class='ocrx_word' id='word_1_263' title='bbox 1710 2425 1786 2466; x_wconf 91' lang='lat' dir='ltr'>the</span> <span class='ocrx_word' id='word_1_264' title='bbox 1822 2430 1836 2435; x_wconf 83' lang='lat'><strong><em>&#39;</em></strong></span> 
     </span>
     <span class='ocr_line' id='line_1_35' title="bbox 279 2478 1786 2535; baseline -0.003 -11"><span class='ocrx_word' id='word_1_265' title='bbox 279 2489 412 2525; x_wconf 77' lang='lat' dir='ltr'>town.</span> <span class='ocrx_word' id='word_1_266' title='bbox 474 2483 600 2534; x_wconf 87' lang='lat' dir='ltr'>They</span> <span class='ocrx_word' id='word_1_267' title='bbox 625 2480 829 2535; x_wconf 82' lang='lat' dir='ltr'>enjoyed,</span> <span class='ocrx_word' id='word_1_268' title='bbox 854 2480 960 2520; x_wconf 76' lang='lat' dir='ltr'>with</span> <span class='ocrx_word' id='word_1_269' title='bbox 985 2480 1098 2521; x_wconf 89' lang='lat' dir='ltr'>their</span> <span class='ocrx_word' id='word_1_270' title='bbox 1122 2482 1253 2520; x_wconf 80' lang='lat' dir='ltr'>wives</span> <span class='ocrx_word' id='word_1_271' title='bbox 1278 2479 1368 2520; x_wconf 88' lang='lat' dir='ltr'>and</span> <span class='ocrx_word' id='word_1_272' title='bbox 1392 2478 1596 2528; x_wconf 88' lang='lat' dir='ltr'>families,</span> <span class='ocrx_word' id='word_1_273' title='bbox 1622 2479 1786 2532; x_wconf 89' lang='lat' dir='ltr'>special</span> 
     </span>
     <span class='ocr_line' id='line_1_36' title="bbox 279 2533 1785 2591; baseline -0.003 -12"><span class='ocrx_word' id='word_1_274' title='bbox 279 2538 513 2591; x_wconf 86' lang='lat' dir='ltr'>privileges</span> <span class='ocrx_word' id='word_1_275' title='bbox 544 2536 674 2590; x_wconf 77' lang='lat' dir='ltr'>(Cod.</span> <span class='ocrx_word' id='word_1_276' title='bbox 712 2536 748 2577; x_wconf 92' lang='lat' dir='ltr'><em>T</em></span> <span class='ocrx_word' id='word_1_277' title='bbox 747 2536 866 2577; x_wconf 77' lang='lat' dir='ltr'>heod.</span> <span class='ocrx_word' id='word_1_278' title='bbox 898 2549 1000 2576; x_wconf 85' lang='lat' dir='ltr'>xm.</span> <span class='ocrx_word' id='word_1_279' title='bbox 1033 2537 1092 2576; x_wconf 92' lang='lat' dir='ltr'>iii.</span> <span class='ocrx_word' id='word_1_280' title='bbox 1130 2538 1167 2583; x_wconf 92' lang='lat'>1,</span> <span class='ocrx_word' id='word_1_281' title='bbox 1197 2537 1240 2583; x_wconf 70' lang='lat'>2,</span> <span class='ocrx_word' id='word_1_282' title='bbox 1271 2538 1298 2576; x_wconf 90' lang='grc'><strong>3</strong></span> <span class='ocrx_word' id='word_1_283' title='bbox 1337 2533 1364 2551; x_wconf 93' lang='lat'><strong>“</strong></span> <span class='ocrx_word' id='word_1_284' title='bbox 1384 2534 1594 2576; x_wconf 87' lang='lat' dir='ltr'>archiatri</span> <span class='ocrx_word' id='word_1_285' title='bbox 1631 2547 1785 2576; x_wconf 87' lang='lat' dir='ltr'>omnes</span> 
     </span>
    </p>
   </div>
   <div class='ocr_carea' id='block_1_6' title="bbox 279 2609 372 2652">
    <p class='ocr_par' dir='ltr' id='par_1_8' title="bbox 279 2609 372 2652">
     <span class='ocr_line' id='line_1_37' title="bbox 279 2609 372 2652; baseline 0.011 -1"><span class='ocrx_word' id='word_1_286' title='bbox 279 2609 372 2652; x_wconf 83' lang='lat'>438</span> 
     </span>
    </p>
   </div>
  </div>
 </body>
</html>
