1866 2964
734 175 825 222 ST.
863 176 1271 223 AUGL’STINE

250 313 445 362 vestrae,
480 306 562 354 sed
595 314 912 371 cooperatores
946 325 1105 355 sumus
1135 308 1303 373 gaudii
1337 308 1493 366 vestri,
1527 308 1622 356 hoc
1659 326 1755 374 ego

253 377 409 420 etiam
437 375 548 421 dico
576 376 716 422 vobis
745 380 863 439 quia
892 393 1095 440 parcens
1130 375 1258 423 vobis
1284 394 1387 424 non
1415 378 1481 424 ad
1507 394 1594 424 vos
1621 381 1753 424 veni.

251 441 462 504 Peperci
521 447 678 489 etiam
728 443 870 499 mihi,
921 461 976 491 ne
1034 444 1267 491 tristitiam
1326 461 1465 509 super
1522 444 1756 492 tristitiam

252 509 308 555 de
334 509 460 556 robis
485 510 715 567 haberem,
743 519 795 558 et
823 511 954 576 elegi
979 530 1081 559 non
1111 512 1353 559 exhibere
1378 512 1563 559 faciem
1586 530 1757 559 meam

252 578 410 633 vobis,
446 579 538 626 sed
575 578 889 626 effunderem
926 597 1010 626 cor
1046 597 1220 627 meum
1258 581 1355 628 deo
1391 598 1483 644 pro
1519 581 1676 637 vobis,
1704 588 1758 627 et

251 662 456 692 causam
494 650 656 711 magis
695 647 906 710 periculi
947 652 1102 695 vestri
1149 666 1251 695 non
1291 649 1427 712 apud
1465 666 1552 695 vos
1591 650 1757 695 verbis

250 714 342 760 sed
385 715 523 777 apud
565 715 719 762 deum
761 715 977 762 lacrimis
1022 733 1247 780 agerem,
1289 733 1354 763 ne
1397 723 1665 763 convertat
1705 720 1758 762 in

250 780 445 828 luctum
474 783 719 846 gaudium
748 800 940 840 meum,
970 801 1070 847 quo
1101 784 1237 831 soleo
1266 785 1492 848 gaudere
1523 785 1587 832 de
1617 785 1757 831 vobis

251 856 304 895 et
336 852 472 897 inter
504 857 653 898 tanta
686 851 941 907 scandala,
976 853 1158 915 quibus
1192 854 1382 916 ubique
1417 853 1646 899 abundat
1677 851 1758 899 hic

249 918 488 974 mundus,
525 918 898 982 aliquantulum
939 920 1199 976 consolari,
1237 924 1467 984 cogitans
1503 923 1758 983 copiosam

249 990 703 1050 congregationem
742 995 795 1034 et
837 995 1031 1034 castam
1074 988 1400 1035 dilectionem
1439 995 1493 1035 et
1528 995 1758 1035 sanctam

251 1058 689 1101 conversationem
727 1063 950 1102 vestram
995 1064 1047 1103 et
1088 1056 1359 1121 largiorem
1401 1059 1622 1120 gratiam
1658 1057 1759 1112 dei,

249 1137 381 1184 quae
399 1122 522 1169 data
540 1130 617 1169 est
634 1124 792 1179 vobis,
810 1131 867 1170 ut
883 1141 985 1171 non
1002 1124 1163 1171 solum
1179 1128 1384 1187 nuptias
1401 1123 1627 1171 carnales
1643 1141 1760 1171 con-

247 1193 568 1246 temneretis,
584 1207 760 1237 verum
777 1196 934 1238 etiam
951 1192 1208 1256 eligeretis
1225 1196 1526 1239 societatem
1541 1195 1593 1238 in
1608 1193 1759 1239 domo

247 1255 515 1305 habitandi
551 1263 835 1316 unanimes,
872 1268 929 1307 ut
965 1264 1031 1307 sit
1066 1262 1207 1307 vobis
1245 1264 1414 1307 anima
1449 1277 1551 1307 una
1587 1267 1641 1307 et
1675 1277 1760 1307 cor

250 1342 409 1372 unum
433 1329 486 1372 in
510 1327 680 1374 deum.

201 1398 225 1438 3
317 1393 460 1441 Haec
479 1397 531 1440 in
550 1396 690 1442 vobis
710 1396 862 1452 bona,
881 1395 1008 1443 haec
1029 1397 1111 1443 dei
1132 1397 1265 1444 dona
1284 1396 1607 1444 considerans
1626 1398 1762 1443 inter

249 1460 437 1508 multas
473 1469 832 1526 tempestateS,
869 1466 1052 1528 quibus
1090 1482 1153 1511 ex
1190 1464 1297 1511 aliis
1331 1464 1476 1511 malis
1513 1467 1761 1528 quatitur,

250 1545 334 1574 cor
375 1546 548 1576 meum
591 1531 722 1578 solet
764 1539 1043 1596 utcumque
1085 1537 1421 1596 requiescere.
1495 1531 1762 1580 Currebatis

252 1595 374 1643 bene.
446 1597 565 1651 Quis
590 1616 671 1646 vos
683 1599 954 1664 fascinavit
973 1601 997 1647 ,9
1063 1600 1234 1648 Suasio
1259 1600 1344 1648 illa
1369 1618 1461 1647 non
1486 1607 1554 1648 est
1578 1617 1634 1646 ex
1658 1599 1760 1656 deo,

251 1664 331 1728 qui
353 1666 532 1712 vocavit
556 1683 651 1713 vos.
703 1667 945 1715 Modicum
958 1668 1190 1733 fermenti
1206 1668 1404 1716 —nolo
1430 1669 1598 1715 dicere
1625 1668 1763 1731 quod

253 1736 484 1796 sequitur
507 1750 518 1790 3
563 1734 657 1782 hoc
685 1739 820 1782 enim
846 1740 1009 1800 magis
1036 1740 1184 1800 cupio
1213 1744 1265 1784 et
1292 1754 1378 1783 oro
1406 1743 1459 1783 et
1484 1735 1677 1792 hortor,
1703 1743 1762 1783 ut

251 1803 418 1863 ipsum
464 1801 778 1850 fermentum
824 1812 1113 1851 revertatur
1159 1808 1211 1851 in
1256 1804 1455 1860 melius,
1501 1821 1604 1851 non
1649 1811 1763 1850 tota

250 1885 435 1925 massa,
461 1873 591 1917 sicut
615 1888 779 1934 paene
806 1875 908 1918 iam
933 1871 1146 1928 fecerat,
1171 1880 1499 1919 convertatur
1522 1875 1575 1918 in
1598 1875 1759 1935 peius.

252 1935 303 1981 Si
342 1953 463 2001 ergo
498 1939 841 2002 repullulastis
879 1957 1059 1987 sanum
1095 1957 1293 2004 sapere,
1320 1947 1464 1996 orate,
1493 1957 1549 1986 ne
1583 1939 1762 1986 intretis

251 2003 298 2050 in
320 2006 676 2069 temptationem,
698 2024 762 2054 ne
784 2012 972 2055 iterum
993 2012 1045 2055 in
1066 2008 1390 2064 contentiones,
1413 2007 1761 2064 aemulationes,

252 2072 586 2130 animositates,
612 2075 940 2132 dissensiones,
966 2076 1287 2133 detractiones,
1313 2075 1576 2132 seditiones,
1602 2092 1762 2122 susur-

251 2140 470 2188 rationes.
542 2143 657 2190 Non
703 2147 838 2191 enim
884 2148 953 2191 sic
997 2144 1342 2208 plantavimus
1388 2151 1442 2191 et
1484 2147 1760 2208 rigavimus

428 2359 445 2377 ⁰
476 2357 502 2394 2
527 2354 626 2396 Cor.
651 2357 677 2395 i.
699 2359 847 2397 23-24.
1257 2357 1272 2380 ὸ
1307 2355 1419 2397 Phil.
1443 2357 1486 2396 ii.
1508 2358 1579 2396 27.

485 2414 499 2433 ⁶
533 2409 660 2450 Lam.
686 2412 728 2451 ii.
757 2414 821 2452 19.
1254 2411 1273 2435 ‘¹
1305 2412 1414 2451 Acts
1436 2413 1492 2451 iv.
1515 2412 1585 2450 32.

255 2466 271 2485 ⁶
307 2464 324 2502 l
350 2461 450 2503 Cor.
467 2477 508 2503 v.
527 2467 551 2504 6
574 2468 600 2484 ‘⁶
616 2465 842 2506 modicum
864 2467 1070 2506 fermenti
1089 2470 1231 2507 totam
1253 2479 1447 2507 massam
1466 2463 1759 2516 corrumpit.'’

408 2518 425 2545 s
459 2517 592 2561 Matt.
624 2522 738 2561 xxvi.
762 2524 840 2566 41;
885 2520 1020 2561 Mark
1043 2523 1129 2561 xiv.
1152 2524 1206 2561 38
1227 2537 1237 2567 ς
1273 2520 1403 2562 Luke
1423 2520 1525 2561 xxii.
1548 2521 1618 2560 46.

820 2580 836 2603 ⁹
868 2578 894 2616 2
918 2575 1018 2617 Cor.
1041 2577 1113 2616 xii.
1136 2578 1207 2619 20.

253 2634 350 2685 376
