1866 2964
787 202 877 250 ST.
917 202 1325 250 AUGUSTINE

297 338 428 382 tium
458 335 633 400 lingua
665 335 921 392 debilitat,
952 353 1067 382 cum
1099 339 1226 383 sciat
1261 335 1389 383 falsa
1421 352 1530 382 esse
1568 351 1701 399 quae
1737 334 1811 381 dj-

297 419 482 458 cuntur
506 413 523 457 ?
593 411 746 458 Cuius
774 415 847 458 rei
876 411 1017 458 dolor
1045 411 1182 458 nullo
1210 413 1361 459 modo
1391 415 1590 457 animae
1618 414 1811 458 viscera

296 487 585 544 dilaniaret,
613 491 652 534 si
681 505 782 534 non
812 505 952 534 amor
978 487 1141 535 laudis
1172 491 1278 534 eius
1307 505 1418 535 ossa
1446 486 1810 551 confringeret.

296 562 573 610 Praesumo
620 563 683 610 de
731 564 911 609 robore
954 566 1108 609 animi
1147 567 1259 618 tui;
1315 566 1492 626 itaque
1530 566 1631 609 ista
1678 578 1810 625 quae

297 646 470 685 tecum
511 637 735 694 confero,
774 638 898 685 mihi
938 640 1085 694 dico;
1144 639 1368 703 dignaris
1406 646 1602 695 tamen,
1641 638 1812 693 credo,

295 732 498 761 mecum
523 715 844 761 considerare
871 732 1025 778 quam
1051 718 1153 762 sint
1177 718 1370 779 gravia,
1395 732 1550 778 quam
1574 713 1809 762 djfficiha.

298 791 414 837 Non
439 794 575 837 enim
600 790 748 837 huius
773 790 932 838 hostis
959 795 1088 837 vires
1114 795 1290 848 sentit,
1315 794 1410 838 nisi
1435 794 1522 854 qui
1547 794 1594 837 ei
1617 789 1810 838 bellum

295 867 557 922 indixerit,
588 870 724 930 quia,
756 870 853 914 etsi
882 870 1120 930 cuiquam
1149 866 1297 914 facile
1329 874 1407 914 est
1435 867 1588 914 laude
1617 882 1810 922 carere,

296 942 419 988 dum
457 942 763 1005 denegatur,
801 941 1000 989 difficile
1040 949 1119 989 est
1158 959 1219 988 ea
1254 960 1357 989 non
1394 941 1657 998 delectari,
1694 958 1810 988 cum

296 1015 521 1063 offertur.
590 1017 659 1063 Et
682 1024 859 1063 tamen
882 1024 1029 1064 tanta
1052 1021 1240 1064 mentis
1262 1021 1315 1063 in
1338 1018 1493 1064 deum
1516 1018 1675 1064 debet
1698 1032 1808 1064 esse

295 1095 577 1154 suspensio,
616 1099 692 1147 ut,
732 1095 771 1138 si
811 1110 913 1138 non
951 1096 1135 1139 merito
1174 1092 1460 1149 laudemur,
1498 1096 1810 1157 corrigamus

297 1183 400 1222 eos,
426 1183 551 1229 quos
576 1183 861 1229 possumus,
886 1184 951 1213 ne
979 1168 1292 1214 arbitrentur
1318 1175 1407 1214 aut
1432 1171 1484 1214 in
1509 1169 1654 1214 nobis
1681 1184 1811 1223 esse,

295 1243 434 1305 quod
457 1259 560 1288 non
586 1250 682 1298 est,
709 1250 799 1290 aut
824 1250 1055 1289 nostrum
1083 1260 1211 1299 esse,
1238 1244 1376 1307 quod
1401 1244 1483 1290 dei
1510 1251 1606 1300 est,
1633 1251 1723 1290 aut
1749 1260 1811 1290 ea

294 1316 527 1373 laudent,
564 1334 695 1381 quae
733 1321 963 1382 quamvis
1000 1336 1102 1365 non
1137 1319 1307 1365 desint
1343 1319 1488 1365 nobis
1525 1326 1615 1365 aut
1651 1322 1809 1366 etiam

294 1396 569 1455 supersint,
608 1410 936 1457 nequaquam
976 1401 1155 1441 tamen
1194 1398 1296 1441 sint
1334 1393 1628 1451 laudabilia,
1667 1394 1810 1441 velut

295 1476 415 1515 sunt
447 1470 581 1515 bona
614 1473 802 1526 omnia,
835 1487 967 1533 quae
1001 1469 1081 1516 vel
1113 1487 1229 1517 cum
1259 1471 1528 1533 pecoribus
1559 1469 1809 1517 habemus

294 1547 584 1590 communia
636 1543 716 1590 vel
767 1561 883 1590 cum
934 1548 1102 1607 impiis
1154 1544 1458 1592 hominibus.
1529 1544 1580 1592 Si
1632 1552 1807 1592 autem

294 1621 478 1664 merito
539 1618 808 1666 laudamur
867 1627 1078 1682 propter
1138 1620 1311 1676 deum,
1364 1619 1684 1684 gratulemur
1738 1623 1810 1666 eis

295 1694 478 1755 quibus
508 1693 679 1756 placet
710 1711 885 1740 verum
917 1695 1126 1750 bonum,
1157 1712 1259 1741 non
1295 1702 1472 1741 tamen
1508 1696 1653 1742 nobis
1690 1698 1809 1758 quia

294 1767 553 1830 placemus
587 1767 894 1824 hominibus,
927 1770 1018 1816 sed
1050 1773 1090 1815 si
1123 1787 1292 1816 coram
1325 1771 1422 1817 deo
1454 1769 1585 1817 tales
1618 1786 1809 1826 sumus,

295 1842 471 1905 quales
506 1860 615 1889 esse
651 1861 740 1890 nos
774 1845 1009 1900 credunt,
1044 1852 1097 1891 et
1130 1862 1231 1891 non
1264 1846 1508 1892 tribuitur
1540 1846 1684 1892 nobis
1718 1845 1809 1892 sed

295 1918 410 1973 deo,
449 1922 590 1966 cuius
630 1919 764 1965 dona
803 1927 923 1966 sunt
970 1923 1140 1966 omnia
1187 1937 1320 1983 quae
1360 1937 1479 1967 vere
1518 1924 1806 1983 meritoque

293 1993 583 2041 laudantur.
654 1995 798 2042 Haec
829 1995 953 2042 mihi
983 1999 1091 2058 ipse
1124 2004 1276 2043 canto
1307 1997 1495 2044 cotidie
1527 1996 1608 2043 vel
1637 1999 1808 2060 potius

291 2069 375 2116 ille
401 2074 542 2116 cuius
573 2070 816 2117 salutaria
851 2079 1130 2135 praecepta
1155 2079 1292 2129 sunt,
1318 2089 1673 2136 quaecumque
1699 2076 1803 2119 sive

293 2148 345 2190 in
383 2146 563 2192 divinis
601 2145 904 2194 lectionibus
942 2151 1272 2194 inveniuntur
1308 2151 1413 2194 sive
1452 2165 1584 2212 quae
1621 2151 1801 2194 intrin-

293 2236 437 2266 secus
486 2224 654 2267 animo
701 2230 1063 2286 suggeruntur.
1133 2223 1202 2269 Et
1247 2230 1425 2269 tamen
1472 2222 1808 2270 vehementer

293 2312 407 2341 cum
434 2297 720 2343 adversario
744 2298 988 2344 dimicans
1013 2315 1166 2360 saepe
1192 2299 1256 2345 ab
1281 2315 1341 2345 eo
1364 2298 1574 2345 vulnera
1597 2301 1806 2361 accipio,

293 2387 406 2416 cum
443 2371 841 2419 delectationem
877 2372 1081 2419 oblatae
1115 2373 1277 2420 laudis
1312 2373 1433 2419 mihi
1469 2372 1669 2420 auferre
1704 2390 1804 2419 non

294 2462 516 2507 possum.

266 2526 290 2564 9
358 2520 500 2567 Haec
534 2528 809 2583 propterea
843 2525 1034 2585 scripsi,
1068 2529 1143 2578 ut,
1177 2526 1217 2569 si
1251 2529 1373 2569 tuae
1407 2525 1669 2569 sanctitati
1702 2525 1804 2569 iarn

306 2639 366 2679 52
