1866 2964
744 184 835 232 ST.
874 183 1283 231 AUGUSTINE

257 335 434 365 verum
469 321 626 365 etiam
661 320 932 381 cogitatur.
1004 316 1186 379 Neque
1220 315 1351 363 hanc
1384 323 1493 363 tam
1527 334 1769 381 magnam

256 397 660 458 promissionem,
695 396 814 457 quia
847 392 994 440 valde
1028 409 1218 456 magna
1252 399 1347 448 est,
1380 393 1497 440 ideo
1531 393 1769 456 despere-

256 488 386 526 mus,
424 471 515 517 sed
550 473 738 533 potius,
776 472 895 532 quia
931 468 1078 515 valde
1114 485 1330 532 magnus
1370 485 1483 515 eam
1519 473 1770 532 promisit,

258 553 555 609 accepturos
607 562 696 592 nos
750 561 860 591 esse
912 545 1193 591 credamus
1264 543 1406 591 Sicut
1458 548 1594 591 enim
1646 546 1769 593 dicit

256 623 439 669 beatus
472 620 725 668 Iohannes
757 619 1033 683 apostolus,
1047 619 1152 683 filii
1184 619 1259 666 dei
1295 637 1454 667 sumus
1490 627 1533 667 et
1567 620 1769 668 non-dum

258 697 494 762 apparuit,
535 696 649 762 quid
696 696 867 743 erimus
889 715 910 750 ,·
959 696 1129 742 seimus
1178 695 1307 760 quia,
1338 713 1440 743 cum
1480 697 1769 761 apparuerit,

257 774 430 821 similes
455 772 494 820 ei
520 773 707 828 erimus,
733 771 951 837 quoniam
977 771 1230 819 videbimus
1254 789 1356 819 eum
1381 771 1516 819 sicuti
1539 779 1620 820 est.

207 859 233 896 4
323 849 438 896 Noli
465 853 757 896 existimare
784 851 1042 895 neminem
1067 849 1164 895 deo
1188 848 1390 911 placere
1414 866 1581 912 posse,
1607 852 1694 913 qui
1717 853 1769 896 in

258 929 408 973 armis
449 925 640 972 bellicis
681 924 884 971 militat.
956 923 1017 970 In
1057 922 1133 970 his
1177 931 1289 971 erat
1329 931 1534 972 sanctus
1583 925 1769 982 David,

258 1005 338 1048 cui
364 1002 596 1049 dominus
619 1007 728 1047 tam
752 1017 999 1064 magnum
1019 998 1280 1062 perhibuit
1296 1003 1648 1048 testimonium
1670 1017 1682 1058 ;
1717 1005 1769 1048 in

257 1076 333 1124 his
359 1081 517 1124 etiam
553 1076 755 1139 plurimi
791 1075 922 1122 illius
946 1079 1190 1138 temporis
1216 1079 1368 1133 iusti3
1404 1078 1456 1122 in
1479 1075 1555 1123 his
1580 1084 1692 1124 erat
1716 1085 1770 1124 et

257 1153 341 1200 ille
370 1156 618 1209 centurio,
648 1155 734 1216 qui
763 1152 968 1199 domino
1005 1152 1136 1199 dixit
1161 1169 1170 1198 :
1219 1151 1330 1199 Non
1367 1169 1468 1199 sum
1505 1151 1692 1217 dignus,
1721 1160 1770 1200 ut

257 1229 400 1276 intres
422 1228 506 1276 sub
530 1235 691 1276 tectum
716 1245 880 1284 meum,
905 1227 987 1275 sed
1009 1234 1185 1274 tantum
1208 1227 1283 1274 dic
1305 1227 1439 1275 verbo
1462 1235 1504 1275 et
1527 1228 1770 1276 sanabitur

251 1322 372 1370 puer
407 1321 547 1352 meus.
618 1303 747 1351 Nam
784 1311 826 1351 et
861 1320 944 1368 ego
980 1304 1114 1351 homo
1150 1321 1251 1351 sum
1287 1303 1372 1351 sub
1400 1311 1629 1369 potestate
1663 1322 1770 1352 con-

259 1381 444 1428 stitutus
471 1379 644 1428 habens
672 1379 755 1427 sub
783 1397 853 1427 me
879 1379 1046 1427 milites
1073 1386 1115 1426 et
1141 1379 1240 1427 a'ico
1270 1379 1376 1427 huic
1396 1400 1411 1427 .·
1457 1379 1484 1396 “
1518 1380 1648 1428 Vade
1673 1379 1700 1396 ”
1727 1388 1771 1428 et

259 1456 404 1512 vadit,
436 1463 478 1503 et
509 1455 638 1503 alio:
693 1454 720 1471 “
753 1455 869 1503 Veni
889 1454 917 1470 ''
949 1461 991 1502 et
1022 1454 1159 1512 venit,
1191 1462 1232 1502 et
1268 1472 1399 1502 ser-vo
1424 1472 1522 1503 meo
1547 1475 1563 1503 .·
1616 1455 1644 1472 “
1667 1456 1769 1504 Fac

259 1532 343 1579 hoc
367 1531 395 1546 ''
419 1538 462 1578 et
480 1530 614 1597 facit
629 1550 651 1585 ,·
689 1530 753 1577 de
778 1547 878 1594 quo
904 1537 957 1577 et
981 1531 1213 1577 dominus
1235 1547 1245 1577 ε
1288 1529 1435 1577 Amen
1467 1530 1569 1578 dico
1602 1530 1731 1579 vobis
1746 1550 1769 1586 ,-

257 1624 349 1654 non
374 1606 527 1654 inveni
555 1613 730 1653 tantam
741 1605 895 1669 fidem
922 1605 970 1652 in
997 1605 1198 1653 Israhel.
1269 1606 1330 1652 In
1360 1605 1435 1653 his
1465 1613 1576 1654 erat
1605 1614 1658 1654 et
1684 1606 1768 1654 ille

260 1683 538 1739 CorneIiUS,
577 1683 641 1730 ad
678 1699 833 1746 quem
868 1685 1048 1729 missus
1092 1681 1304 1747 angelus
1347 1683 1512 1730 dixit:
1569 1682 1770 1740 Corneli,

261 1766 473 1824 acceptae
499 1765 604 1806 suut
629 1758 918 1823 elemosynae
943 1765 1048 1805 tuae
1073 1765 1115 1805 et
1139 1757 1385 1805 eoeauditae
1409 1765 1515 1806 sunt
1539 1758 1771 1807 orationes

261 1842 400 1891 tuae;
463 1835 550 1882 ubi
597 1851 715 1881 eum
760 1835 1043 1890 admonuit,
1088 1841 1146 1881 ut
1192 1835 1257 1881 ad
1301 1835 1513 1881 beatum
1558 1834 1769 1882 Petrum

261 1910 548 1974 apostolum
584 1913 819 1957 mitteret
864 1916 917 1956 et
955 1910 1019 1956 ab
1056 1909 1140 1956 illo
1190 1910 1391 1957 audiret
1429 1926 1560 1973 quae
1598 1909 1768 1957 facere

260 1987 511 2042 deberet3
567 1985 632 2033 ad
668 2002 823 2049 quem
860 1984 1164 2048 apostolum,
1201 1992 1259 2032 ut
1296 1985 1362 2032 ad
1399 2001 1516 2031 eum
1552 1989 1769 2042 veniret,

262 2065 417 2108 etiam
446 2060 739 2125 religiosum
767 2059 983 2107 militem
1012 2063 1165 2107 misit.
1237 2060 1297 2106 In
1325 2059 1401 2107 his
1431 2067 1578 2108 erant
1599 2068 1653 2108 et
1680 2060 1768 2118 illi,

261 2141 347 2201 qui
371 2137 668 2201 baptizandi
693 2154 808 2183 eum
833 2139 1092 2183 venissent
1119 2136 1184 2184 ad
1210 2135 1510 2193 Iohannem,
1535 2144 1769 2184 sanetum

261 2214 451 2260 domini
478 2229 860 2276 praecursorem
891 2219 944 2259 et
974 2215 1191 2258 amicum
1220 2215 1406 2275 sponsi,
1436 2212 1500 2259 de
1530 2229 1630 2276 quo
1658 2216 1768 2276 ipse

261 2289 494 2336 dominus
527 2291 634 2335 ait:
673 2286 732 2334 In
764 2287 888 2334 natis
924 2287 1165 2334 mulierum
1201 2303 1292 2334 non
1328 2287 1586 2334 exsurrexit
1620 2287 1769 2335 maior

260 2364 470 2412 Iohanne
493 2363 731 2428 Baptista,
758 2371 811 2411 et
837 2366 1155 2427 quaesissent
1181 2363 1245 2410 ab
1271 2379 1349 2419 eo,
1374 2363 1497 2426 quid
1520 2361 1768 2421 facerent,

328 2529 345 2547 ‘²
381 2526 398 2563 1
425 2521 546 2563 John
569 2523 627 2563 iii.
651 2525 692 2563 2.
892 2522 907 2546 ¹²
943 2521 1075 2562 Matt.
1098 2524 1186 2563 viii.
1211 2525 1338 2568 8-1ος
1372 2521 1502 2562 Luke
1522 2524 1595 2563 vii.
1619 2525 1706 2564 6-9.

444 2582 458 2602 ⁶
490 2577 600 2618 Acts
621 2591 661 2618 x.
690 2580 773 2625 1-8,
795 2580 928 2618 30-33
1234 2576 1252 2601 ‘²
1288 2576 1421 2619 Matt.
1443 2579 1500 2618 xi.
1528 2581 1593 2620 11.

273 2642 367 2692 326
