1866 2964
719 200 810 248 ST.
848 199 1256 248 AUGUSTINE

233 354 335 383 non
378 335 586 399 quidem
629 332 784 380 ullam
819 339 1022 396 partem
1058 339 1322 396 gestorum
1358 331 1449 378 sed
1484 330 1742 394 quandam

235 425 262 454 a
299 425 353 454 se
393 409 732 468 conscriptam
771 404 913 451 velut
951 403 1305 452 defensionem
1344 420 1507 459 suam,
1547 418 1649 466 qua
1687 417 1742 448 se

236 480 366 526 dixit
397 478 608 524 obiectis
633 476 955 539 respondisse
983 474 1260 522 Gallorum.
1331 474 1393 520 In
1417 490 1536 537 qua,
1561 480 1621 520 ut
1646 471 1744 519 alia

235 553 490 604 omittam,
515 564 630 594 cum
655 548 721 594 ad
743 547 868 594 illud
890 546 1244 609 responderet,
1261 546 1399 609 quod
1419 548 1465 591 ei
1485 545 1742 591 obiectum

234 629 329 676 est,
358 637 476 666 eum
503 619 689 666 dixisse
715 635 863 681 posse
890 617 1149 664 hominem
1178 633 1288 664 esse
1315 620 1423 663 sine
1449 622 1662 679 peccato
1690 620 1745 661 et

231 691 477 738 mandata
511 691 594 738 dei
627 690 900 745 custodire,
934 692 974 736 si
1007 688 1148 744 velit,
1182 687 1210 704 “
1236 686 1508 744 diximus,'’
1541 689 1745 750 inquit3

234 763 260 779 “
285 762 417 809 hanc
469 765 604 808 enim
654 761 724 808 illi
778 761 904 808 deus
958 760 1352 823 possibilitatem
1403 759 1583 815 dedit3
1643 774 1746 803 non

233 835 452 881 diximus
488 835 729 896 quoniam
755 835 1046 879 inveniatur
1074 834 1203 895 quis,
1232 832 1296 878 ab
1329 829 1547 877 infantia
1581 844 1743 892 usque

236 906 300 952 ad
329 912 591 951 senectam
621 907 708 968 qui
737 920 1018 967 numquam
1046 906 1353 966 peccaverit,
1383 903 1474 950 sed
1503 904 1745 966 quoniam

235 994 263 1023 a
306 978 530 1039 peccatis
575 992 844 1022 conversus
887 974 1061 1021 labore
1104 977 1308 1037 proprio
1353 981 1408 1021 et
1450 975 1618 1037 gratia
1660 971 1744 1018 dei

234 1047 438 1094 adiutus
469 1054 643 1109 potest
675 1048 868 1110 absque
898 1053 1111 1109 peccato
1145 1062 1255 1093 esse
1285 1062 1380 1092 nec
1410 1051 1621 1108 propter
1649 1042 1745 1090 hoc

231 1123 284 1165 in
306 1125 572 1180 posterum
598 1121 695 1165 erit
718 1116 1169 1164 inconvertibilis.''

184 1197 208 1236 8
300 1190 360 1236 In
396 1189 491 1235 hac
529 1189 724 1253 Pelagii
760 1192 1089 1252 responsione
1127 1192 1291 1236 cernit
1327 1190 1618 1236 reverentia
1653 1193 1746 1234 tua

232 1260 326 1307 hoc
366 1278 484 1307 eum
520 1259 675 1307 fuisse
714 1259 1020 1316 confessum,
1058 1264 1279 1323 priorem
1315 1260 1532 1308 hominis
1570 1262 1746 1315 vitam,

234 1348 365 1394 quae
395 1338 473 1378 est
500 1332 564 1378 ab
590 1330 825 1387 infantia,
853 1334 960 1378 sine
986 1339 1199 1394 peccato
1226 1349 1329 1379 non
1356 1347 1484 1388 esse,
1511 1330 1602 1377 sed
1629 1346 1747 1376 eum

234 1403 300 1449 ad
337 1406 513 1458 vitam,
551 1419 684 1466 quae
722 1405 830 1449 sine
867 1410 1081 1466 peccato
1120 1406 1203 1459 sit,
1239 1403 1414 1450 labore
1451 1405 1654 1465 proprio
1693 1406 1747 1447 et

235 1474 441 1520 adiutus
466 1490 558 1536 per
582 1477 803 1538 gratiam
829 1474 912 1521 dei
937 1492 1085 1538 posse
1112 1479 1354 1522 converti.
1425 1473 1527 1520 Cur
1555 1490 1676 1537 ergo
1695 1475 1748 1519 in

233 1543 328 1591 hoc
358 1544 503 1600 libro,
534 1549 614 1591 cui
644 1546 901 1608 respondi,
932 1546 1067 1593 Abel
1095 1550 1170 1593 ita
1189 1545 1271 1593 hic
1300 1549 1485 1592 vixisse
1516 1544 1658 1601 dicit,
1688 1550 1748 1591 ut

234 1615 358 1661 nihil
391 1619 595 1663 omnino
627 1619 958 1679 peccaverit?
1029 1618 1162 1665 Nam
1195 1622 1301 1665 eius
1336 1618 1400 1666 de
1433 1617 1529 1664 hac
1559 1633 1616 1664 re
1648 1620 1749 1663 ista

234 1694 353 1733 sunt
389 1688 579 1734 verba:
635 1688 662 1703 “
690 1688 853 1745 Hoc‚''
890 1693 1075 1753 inquit,
1112 1689 1306 1737 “recte
1342 1690 1440 1737 dici
1474 1695 1649 1752 potest
1683 1688 1749 1736 de

234 1757 327 1813 his,
349 1775 563 1821 quorum
583 1776 752 1823 neque
773 1762 1022 1808 bonorum
1042 1777 1211 1825 neque
1230 1761 1480 1808 malorum
1499 1764 1750 1824 scriptura

234 1832 299 1875 sit
328 1846 524 1876 memor
548 1846 559 1885 3
608 1831 672 1877 de
701 1830 796 1878 illis
826 1849 963 1888 vero,
994 1850 1211 1896 quorum
1239 1836 1468 1880 iustitiae
1495 1835 1750 1888 meminit,

235 1907 288 1946 et
331 1909 660 1963 peccatorum
703 1906 811 1949 sine
856 1904 1011 1951 dubio
1053 1908 1391 1961 meminisset,
1434 1908 1475 1952 si
1519 1921 1621 1968 qua
1664 1920 1750 1950 eos

233 1987 470 2033 peccasse
488 1976 745 2020 sensisset.
816 1973 918 2021 Sed
936 1974 1100 2032 esto,''
1124 1979 1310 2039 inquit,
1335 1975 1488 2023 “aliis
1507 1978 1751 2038 tempori-

234 2042 327 2088 bus
391 2043 576 2089 turbae
636 2049 1007 2093 numerositate
1069 2050 1296 2094 omnium
1356 2046 1751 2095 dissimulaverit

234 2120 448 2175 peccata
481 2121 775 2172 contexere,
809 2120 861 2162 in
893 2120 1003 2180 ipso
1036 2121 1214 2165 statim
1245 2119 1424 2166 mundi
1456 2118 1751 2182 primordio,

235 2184 321 2230 ubi
359 2188 557 2232 nonnisi
597 2194 842 2250 quattuor
878 2187 1108 2236 homines
1148 2197 1313 2246 erant,
1351 2189 1527 2254 quid,”
1564 2193 1752 2254 inquit,

245 2408 252 2416 Ο
303 2359 319 2375 ‘¹
353 2353 559 2418 Pelagius
579 2355 667 2397 had
686 2362 783 2398 sent
802 2359 889 2399 this
908 2363 953 2399 to
973 2360 1227 2412 Augustine
1244 2360 1307 2413 by
1326 2360 1514 2409 Charus,
1533 2375 1559 2401 a
1579 2361 1749 2402 deacon

242 2420 287 2470 in
313 2407 546 2458 Palestine,
570 2409 632 2462 by
655 2411 773 2452 birth
797 2426 824 2452 a
846 2415 1004 2454 citizen
1028 2416 1079 2454 of
1097 2414 1264 2467 Hippo.
1318 2415 1403 2457 See
1424 2415 1490 2456 De
1515 2415 1628 2457 Gest.
1652 2415 1748 2457 Pel.

244 2474 270 2501 1.
299 2465 369 2510 57,
397 2466 465 2504 58.
522 2464 617 2505 The
645 2464 785 2506 Gauls
811 2481 886 2508 are
915 2473 1003 2509 two
1034 2468 1231 2521 bishops,
1259 2469 1402 2510 Heros
1429 2471 1480 2510 of
1504 2469 1632 2511 Arles
1659 2469 1749 2511 and

244 2515 441 2558 Lazarus
472 2518 523 2558 of
549 2520 650 2567 Aix,
682 2520 782 2561 who
814 2521 903 2562 had
934 2521 1073 2564 taken
1104 2525 1262 2576 refuge
1291 2526 1336 2564 in
1369 2523 1603 2573 palestine,
1634 2525 1753 2566 after

240 2570 515 2613 undeserved
539 2573 727 2626 ejection
751 2576 869 2617 from
892 2576 1007 2619 their
1030 2590 1137 2620 sees.
1191 2578 1317 2632 They
1340 2577 1461 2620 drew
1482 2592 1544 2632 up
1568 2593 1595 2620 a
1617 2580 1751 2620 series

244 2634 341 2682 316
