1866 2964
733 161 823 208 ST.
863 160 1223 208 AUGUSTIN
1227 161 1270 207 E

194 301 218 340 3
308 292 459 350 Quod
484 296 524 339 si
549 296 601 338 in
626 299 811 339 natura
836 290 1061 338 humana
1085 291 1201 338 talis
1227 295 1333 338 vita
1357 308 1459 338 non
1484 291 1640 345 cadit,
1665 306 1754 335 cur

244 360 516 423 aliquando
555 364 727 407 evenit
761 364 861 406 ista
907 361 1192 406 securitas?
1262 359 1363 406 Cur
1397 366 1546 406 tanto
1583 360 1756 404 evenit

243 430 485 484 crebrius,
540 436 734 491 quanto
789 431 1004 491 quisque
1058 431 1110 473 in
1163 431 1351 474 mentis
1405 425 1755 489 penetralibus

245 497 423 543 adorat
460 497 615 543 deum
639 497 656 542 ?
729 495 830 542 Cur
858 499 910 541 in
947 503 1065 542 actu
1096 499 1253 542 etiam
1282 494 1506 541 humano
1534 493 1755 556 plerum-

246 581 344 626 que
387 567 486 610 ista
527 563 870 627 tranquillitas
912 571 1107 619 manet,
1146 566 1186 609 si
1230 580 1293 609 ex
1346 562 1431 609 illo
1474 563 1631 625 adyto
1687 561 1753 607 ad

245 633 502 696 agendum
533 635 748 695 quisque
778 632 1066 694 procedat?
1134 631 1235 677 Cur
1263 631 1523 678 interdum
1555 636 1609 676 et
1637 645 1752 675 cum

243 699 514 763 loquimur,
542 707 762 746 mortem
795 717 898 745 non
922 699 1271 754 formidamus,
1297 716 1412 745 cum
1440 705 1615 744 autem
1651 714 1754 743 non

242 767 513 830 loquimur,
542 771 699 814 etiam
727 771 957 830 cupimus
982 768 999 813 ?
1066 767 1179 814 Tibi
1208 767 1337 822 dico,
1365 784 1467 812 non
1495 769 1632 812 em'm
1658 763 1754 811 hoc

242 835 452 882 cuilibet
482 836 724 891 dicerem,
754 837 867 891 tibi,
896 839 1124 898 inquam,
1155 835 1285 890 dico,
1315 837 1456 881 cuius
1484 837 1671 880 itinera
1700 835 1752 878 in

243 920 465 966 superna
502 905 635 950 bene
676 907 810 959 novi,
848 910 994 959 tune,
1033 920 1148 949 cum
1189 909 1433 965 expertus
1473 918 1628 964 saepe
1667 903 1751 956 sis,

243 989 397 1034 quam
425 971 572 1018 dulce
598 975 754 1026 vivat,
779 989 895 1018 cum
926 974 1083 1017 amori
1110 987 1352 1033 corporeo
1383 973 1580 1016 animus
1604 971 1754 1015 mori-

243 1047 344 1095 tur,
372 1041 584 1103 negabis
617 1040 830 1086 tandem
863 1047 1029 1086 totam
1063 1038 1279 1085 hominis
1312 1042 1471 1085 vitam
1499 1053 1648 1100 posse
1680 1040 1755 1082 in-

243 1108 499 1169 trepidam
526 1108 651 1163 fieri,
671 1115 729 1154 ut
753 1111 851 1154 rite
878 1111 1080 1170 sapiens
1099 1107 1429 1153 nominetur?
1489 1107 1599 1152 Aut
1623 1103 1754 1150 hanc

243 1175 585 1231 affectionem,
625 1175 689 1221 ad
730 1181 917 1238 quaml
959 1178 1090 1221 ratio
1138 1178 1337 1230 nititur,
1375 1174 1471 1220 tibi
1514 1173 1754 1220 accidisse

246 1261 509 1306 umquam,
545 1247 640 1290 nisi
677 1261 793 1289 cum
829 1247 880 1289 in
916 1246 1108 1289 intimis
1148 1246 1251 1289 tuis
1293 1258 1490 1306 ageres,
1527 1257 1754 1288 asserere

244 1312 455 1358 audebis
480 1312 498 1357 ?
567 1311 713 1370 Quae
736 1329 852 1358 cum
874 1314 949 1357 ita
972 1315 1091 1366 sint,
1112 1318 1308 1357 restare
1332 1327 1491 1356 unum
1513 1309 1674 1364 vides,
1697 1315 1755 1355 ut

243 1387 302 1425 tu
329 1396 533 1442 quoque
558 1383 611 1425 in
636 1396 906 1426 commune
932 1378 1181 1434 consulas,
1208 1395 1308 1442 quo
1334 1381 1561 1424 vivamus
1586 1375 1750 1424 simul.

245 1447 381 1505 Quid
402 1451 537 1494 enim
557 1465 673 1493 cum
692 1455 858 1494 matre
879 1448 1138 1511 agendum
1158 1450 1241 1502 sit,
1261 1463 1415 1510 quam
1435 1452 1575 1492 certe
1594 1443 1756 1491 frater

243 1515 417 1562 Victor
442 1533 544 1562 non
568 1516 778 1572 deserit,
803 1522 862 1562 tu
886 1515 1050 1562 multo
1074 1514 1256 1561 melius
1281 1513 1433 1560 calles
1459 1530 1614 1576 quam
1641 1529 1753 1576 ego.

244 1583 359 1629 Alia
395 1585 633 1639 scribere,
669 1601 734 1630 ne
770 1591 824 1630 te
863 1584 926 1630 ab
962 1587 1061 1630 ista
1097 1586 1410 1646 cogitatione
1448 1588 1756 1636 averterem,

245 1651 397 1697 nolui.

783 1782 877 1828 No.
906 1788 934 1827 4
961 1782 1076 1845 (Ep.
1106 1781 1220 1844 xxv

591 1889 988 1931 ROMANIANO
1019 1889 1428 1931 AUGUSTINUS

199 1995 216 2032 l
310 1987 423 2032 Non
455 1986 581 2033 haec
613 1986 833 2049 epistula
863 1990 932 2033 sic
962 1989 1186 2049 inopiam
1217 1985 1426 2033 chartae
1456 1986 1666 2041 indicat,
1697 1993 1756 2032 ut

242 2056 566 2102 membranas
624 2055 808 2101 saltem
867 2055 1128 2101 abundare
1186 2061 1411 2101 testetur
1434 2054 1452 2100 ?
1519 2053 1754 2100 Tabellas

244 2124 512 2179 eburneas,
536 2140 661 2186 quas
684 2122 869 2179 habeo,
894 2122 1141 2169 avunculo
1165 2129 1255 2168 tuo
1278 2139 1393 2168 cum
1414 2121 1600 2168 litteris
1623 2125 1752 2168 misi.

242 2191 318 2237 Tu
343 2195 478 2237 enim
503 2190 618 2237 huic
641 2190 908 2254 pelliculae
932 2189 1127 2237 facilius
1150 2193 1400 2255 ignosces,
1424 2193 1543 2253 quia
1567 2189 1756 2236 differri

490 2279 505 2302 ¹
537 2293 674 2331 quam
698 2278 988 2318 Goldbacher:
1021 2278 1078 2318 ad
1101 2292 1238 2330 quam
1260 2278 1318 2318 Α.
1343 2277 1513 2318 Souter.

312 2377 329 2394 ‘¹
361 2372 399 2411 A
433 2371 627 2423 wealthy
656 2374 814 2411 citizen
846 2372 896 2411 of
930 2371 966 2410 T
970 2375 1139 2423 agaste,
1171 2371 1271 2410 who
1310 2370 1400 2410 had
1438 2370 1592 2410 shown
1626 2375 1755 2423 great

254 2428 508 2477 generosity
526 2430 571 2465 to
591 2427 841 2478 Augustine
858 2425 985 2465 when
1002 2425 1219 2477 studying
1236 2427 1280 2465 in
1298 2424 1536 2477 Carthage,
1554 2425 1643 2465 and
1661 2425 1755 2466 also

254 2481 377 2521 later.
440 2481 506 2521 To
531 2480 623 2520 him
650 2482 903 2532 Augustine
928 2479 1163 2520 dedicated
1185 2480 1252 2520 his
1277 2479 1444 2519 Contra
1469 2480 1754 2520 Academicos

257 2536 370 2586 (Λα).
393 2535 495 2586 386)
517 2535 605 2575 and
629 2535 703 2575 the
724 2535 789 2575 De
821 2535 931 2575 Vera
951 2535 1197 2587 Reliqz'one,
1221 2533 1477 2574 mentioned
1499 2533 1654 2576 below·

256 2607 314 2646 12
