1866 2964
766 158 857 206 ST.
895 157 1304 206 AUGUSTINE

279 296 380 340 tius
401 295 665 355 episcopus
686 298 740 339 et
757 309 960 355 prorsus
977 290 1126 338 huius
1145 292 1351 338 vocibus
1370 290 1559 338 clamet
1582 307 1593 337 ε
1628 288 1657 306 “
1681 290 1792 338 Aut

279 364 332 407 in
374 360 636 416 cathedra,
679 364 760 407 cui
802 361 1065 407 ordinatus
1108 377 1238 416 sum,
1280 360 1461 406 sedere
1503 359 1659 406 debui
1701 364 1792 404 aut

282 432 546 492 episcopus
576 445 685 475 esse
714 446 816 475 non
843 427 1051 475 debui.’'
1120 427 1222 475 Sed
1249 431 1360 491 quis
1387 430 1487 474 ista
1513 430 1792 490 vituperet,

281 500 375 544 nisi
398 500 484 560 qui
504 514 686 559 parum
709 497 946 543 adtendit
967 513 1061 542 nec
1082 495 1246 542 inulta
1268 498 1437 542 omnia
1456 494 1794 558 relinquenda

281 582 375 612 nec
400 582 501 611 uno
524 566 677 612 modo
703 568 874 611 omnia
898 565 1201 611 vindicanda
1224 564 1242 610 ?

232 642 256 680 9
347 633 481 692 Quia
517 649 638 696 ergo
674 631 918 695 pastorali
953 631 1195 696 vigilique
1232 630 1435 678 cautela
1468 631 1793 678 beatissimus

281 718 417 765 papa
449 700 734 747 Bonifatius
767 704 819 746 in
853 700 1073 763 epistula
1106 717 1197 746 sua
1227 702 1400 762 posuit
1432 699 1497 746 de
1530 699 1794 746 Antonino

281 769 494 832 loquens
529 772 766 831 episcopo
800 776 854 815 et
887 772 994 815 ait:
1047 767 1074 783 “
1101 767 1151 814 Si
1185 768 1416 815 ordinem
1445 783 1618 813 rerum
1649 767 1794 813 nobis

282 837 503 885 fideliter
555 835 851 892 indicavit?
909 839 1080 899 accipe
1134 853 1269 882 nunc
1321 836 1554 883 ordinem
1604 851 1795 890 rerum,

283 922 437 969 quem
460 904 544 951 ille
570 908 622 950 in
647 922 736 951 suo
760 903 931 951 libello
956 907 1181 960 reticuit,
1208 921 1265 950 ac
1290 904 1496 959 deinde,
1521 918 1654 966 quae
1678 908 1796 965 post

283 977 390 1020 eius
425 981 634 1020 sanctae
668 975 947 1020 memoriae
982 975 1073 1019 viri
1107 975 1160 1018 in
1194 970 1369 1018 Africa
1400 971 1561 1018 lectas
1594 970 1795 1017 litteras

282 1048 432 1106 gesta
473 1049 611 1097 sunt,
655 1048 708 1087 et
757 1042 969 1088 subveni
1016 1040 1304 1087 hominibus
1353 1055 1505 1103 opem
1551 1046 1697 1085 tuam
1741 1041 1795 1084 in

283 1109 470 1157 Christi
492 1110 837 1156 misericordia
857 1108 1020 1155 multo
1045 1109 1238 1155 avidius
1261 1124 1416 1172 quam
1436 1106 1521 1154 ille
1542 1109 1797 1170 poscenti-

281 1179 394 1233 bus.‚
414 1194 444 1224 a
462 1181 602 1224 cuius
621 1178 978 1240 inquietudine
999 1177 1294 1224 desiderant
1310 1175 1531 1223 liberari.
1601 1174 1797 1221 Iudicia

283 1249 473 1310 quippe
511 1245 606 1292 illis
645 1252 698 1292 et
735 1245 963 1308 publicas
1004 1251 1292 1307 potestates
1335 1250 1389 1290 et
1426 1242 1671 1290 militares
1703 1245 1797 1288 im-

282 1321 433 1377 petus
462 1321 729 1377 tamquam
759 1320 1062 1360 executuros
1093 1311 1401 1376 apostolicae
1429 1311 1563 1359 sedis
1591 1317 1796 1357 senten-

282 1385 409 1429 tiam
436 1385 539 1428 sive
566 1385 674 1445 ipse
701 1385 806 1428 sive
830 1398 1059 1428 rumores
1085 1382 1378 1428 creberrimi
1403 1381 1795 1434 comminantur,

282 1457 342 1497 ut
402 1453 573 1496 miseri
634 1449 865 1496 homines
929 1449 1204 1496 Christiani
1265 1447 1503 1495 catholici
1563 1449 1797 1511 graviora

282 1517 561 1565 formident
601 1535 630 1564 a
669 1517 919 1564 catholico
960 1521 1216 1581 episcopo,
1255 1533 1428 1580 quam,
1467 1532 1584 1562 cum
1623 1521 1796 1562 essent

283 1585 546 1641 haeretici,
587 1603 615 1632 a
653 1585 1016 1633 catholicorum
1054 1589 1423 1648 imperatorum
1458 1583 1659 1648 legibus
1696 1581 1796 1630 for-

283 1655 566 1701 midabant.
638 1654 753 1700 Non
807 1657 940 1700 sinas
995 1656 1095 1700 ista
1149 1653 1275 1709 fieri,
1331 1653 1540 1699 obsecro
1593 1658 1649 1698 te
1701 1667 1795 1714 per

285 1722 470 1770 Christi
497 1725 816 1786 sanguinem,
841 1739 933 1785 per
959 1721 1175 1785 apostoli
1200 1720 1341 1768 Petri
1364 1722 1682 1775 memoriam,
1707 1721 1795 1782 qui

285 1790 687 1837 Christianorum
737 1793 1055 1853 praepositos
1106 1788 1410 1852 populorum
1459 1791 1677 1843 monuit,
1727 1803 1793 1834 ne

284 1857 533 1906 violenter
576 1859 904 1905 dominentur
946 1861 998 1904 in
1041 1856 1240 1904 fratres.
1310 1857 1423 1921 Ego
1467 1855 1794 1903 Fussalenses

283 1926 556 1974 catholicos
595 1926 719 1973 filios
753 1929 805 1973 in
839 1926 1039 1973 Christo
1074 1942 1216 1972 meos
1251 1932 1304 1972 et
1336 1926 1657 1972 Antoninum
1690 1926 1795 1986 epi-

345 2018 364 2036 0
394 2012 537 2052 These
569 2024 774 2052 rumours
805 2025 919 2051 were
951 2010 1233 2062 encouraged
1265 2010 1327 2062 by
1359 2010 1434 2050 the
1463 2009 1558 2050 fact
1588 2008 1687 2049 that
1717 2007 1793 2048 the

286 2068 658 2119 representations
678 2066 727 2106 of
741 2066 816 2106 the
834 2065 1021 2106 African
1039 2065 1222 2117 bishops
1241 2068 1287 2104 to
1306 2064 1427 2116 Pope
1445 2063 1663 2105 Celestine
1680 2075 1795 2103 were

286 2126 364 2161 not
393 2125 469 2173 yet
497 2120 629 2161 made
658 2134 707 2160 or
736 2120 917 2161 known.
979 2119 1160 2160 Besides
1189 2117 1355 2171 asking
1382 2119 1458 2159 the
1488 2118 1611 2170 Pope
1639 2120 1718 2158 not
1745 2119 1793 2158 to

284 2175 415 2216 allow
430 2175 614 2227 appeals
629 2175 745 2215 from
762 2175 915 2215 Africa
932 2187 981 2214 or
996 2178 1041 2214 to
1057 2175 1224 2214 receive
1238 2173 1365 2214 those
1379 2170 1792 2214 excommunicated

288 2232 332 2271 in
361 2229 531 2277 Africa,
560 2230 634 2270 the
662 2229 846 2281 bishops
873 2228 1015 2269 asked
1043 2229 1136 2268 him
1165 2232 1244 2268 not
1269 2231 1316 2268 to
1343 2227 1453 2268 send
1480 2227 1548 2267 his
1575 2225 1720 2267 clerks
1747 2229 1794 2266 to

285 2298 416 2336 carry
452 2288 530 2324 out
558 2284 626 2324 his
655 2288 897 2330 sentences,
928 2282 1011 2324 lest
1038 2283 1113 2323 the
1143 2282 1321 2323 Church
1351 2281 1511 2322 should
1539 2293 1709 2333 appear
1743 2283 1790 2321 to

286 2339 341 2379 be
359 2338 645 2391 introducing
662 2338 777 2378 “the
794 2337 958 2389 smoky
970 2339 1126 2389 vanity
1142 2338 1193 2377 of
1207 2336 1283 2377 the
1297 2335 1437 2376 world
1452 2336 1478 2352 ''
1500 2335 1546 2388 (“
1562 2336 1791 2375 fumosum

291 2393 483 2445 typhum
505 2392 669 2433 saeculi
684 2393 729 2444 ⁹⁹)
753 2392 882 2444 (Cod.
903 2392 1021 2432 Eccl.
1039 2393 1078 2432 A
1078 2392 1146 2444 fr.
1170 2391 1256 2432 No.
1275 2390 1495 2441 cxxxviii).
1552 2389 1647 2430 The
1666 2388 1794 2429 letter

288 2449 338 2488 of
372 2461 429 2488 an
468 2448 654 2488 African
686 2446 873 2488 Council
910 2451 956 2486 to
997 2446 1118 2498 Pope
1157 2445 1400 2487 Celestine:
1443 2444 1694 2495 “deinceps
1732 2443 1790 2484 ad

287 2506 455 2542 vestras
485 2514 614 2542 aures
645 2501 748 2542 hinc
776 2503 1002 2542 venientes
1034 2514 1123 2541 non
1152 2499 1328 2540 facilius
1357 2499 1623 2546 admittatis,
1654 2510 1734 2538 nec
1763 2511 1791 2538 a

281 2557 409 2597 nobis
426 2558 833 2597 excommunicatos
854 2555 972 2597 ultra
986 2554 1129 2596 velitis
1150 2556 1375 2609 excipere;
1408 2585 1418 2596 .
1451 2585 1462 2596 .
1494 2585 1505 2596 .
1535 2556 1790 2594 executores

289 2622 386 2669 364
