1850 2964
202 498 220 506 —r

197 508 221 535 ί)

732 149 822 196 ST.
861 147 1269 196 AUGUSTINE

245 282 598 331 lacrimarum!
668 281 840 344 Ipsam
882 296 1087 344 quoque
1130 295 1344 326 uxorem
1379 296 1481 326 non
1522 280 1617 326 tibi
1653 276 1756 325 suf-

248 351 446 407 fecisse,
458 352 549 398 sed
565 351 959 397 concubinarum
975 351 1144 394 nescio
1162 364 1377 411 quarum
1393 350 1755 394 commixtione

245 420 498 484 pollutum
523 419 802 482 loquuntur
834 416 1064 463 homines
1100 423 1153 462 et
1179 414 1392 462 forsitan
1416 418 1752 462 mentiuntur.

313 489 437 543 Ista,
461 504 592 550 quae
617 487 850 533 omnibus
872 491 1074 548 patent,
1098 491 1178 530 tot
1203 491 1254 530 et
1278 491 1427 530 tanta
1447 483 1599 539 mala,
1623 499 1756 547 quae

248 573 275 602 3
299 564 370 612 10,
394 563 732 618 posteaquam
755 556 1056 617 coniugatus
1082 569 1152 608 es,
1176 559 1451 598 consecuta
1474 558 1610 607 sunt,
1634 551 1758 615 quid

248 641 343 688 ego
372 625 537 671 dicam
562 624 579 669 ?
649 622 964 669 Christianus
993 637 1063 676 es,
1091 637 1174 667 cor
1200 619 1378 676 habes,
1406 620 1561 667 deum
1587 622 1754 666 times.

247 693 324 739 Tu
359 695 468 755 ipse
499 691 761 738 considera
801 706 932 753 quae
969 688 1085 736 nolo
1120 689 1307 744 dicere,
1343 695 1397 734 et
1430 690 1658 734 invenies
1692 687 1757 734 de

249 764 452 824 quantis
494 759 639 806 malis
684 759 873 805 debeas
918 773 1071 821 agere
1114 759 1506 819 paenitentiam,
1548 762 1760 818 propter

249 846 403 892 quam
449 829 542 874 tibi
588 827 739 873 credo
786 827 1048 873 dominum
1093 841 1303 887 parcere
1350 831 1403 871 et
1450 841 1479 870 a
1522 822 1758 887 periculis

249 898 482 944 omnibus
527 895 763 950 liberare,
805 901 861 940 ut
906 910 1026 957 agas
1077 909 1191 939 eam
1245 896 1375 939 sicut
1418 892 1620 956 agenda
1662 898 1759 947 est,

249 966 341 1012 sed
379 968 419 1011 si
459 963 584 1011 illud
627 964 803 1010 audias
846 962 983 1025 quod
1026 964 1271 1023 scriptum
1314 968 1428 1007 est:
1487 959 1563 1006 Ne
1605 959 1760 1006 tardes

249 1032 449 1080 converti
495 1031 557 1078 ad
600 1031 835 1078 dominum
881 1046 1026 1094 neque
1071 1028 1267 1093 dfferas
1311 1028 1367 1074 de
1411 1027 1486 1074 die
1528 1027 1577 1074 in
1621 1027 1757 1074 diem.

252 1102 449 1148 Iustam
488 1100 696 1163 quidem
735 1099 857 1146 dicis
896 1097 1087 1144 habere
1127 1105 1180 1143 te
1220 1113 1443 1152 causam,
1482 1099 1622 1142 cuius
1663 1111 1760 1160 ego

250 1170 406 1216 iudex
442 1186 545 1214 non
581 1185 711 1223 sum,
749 1169 989 1230 quoniam
1024 1172 1197 1228 partes
1236 1166 1409 1211 ambas
1448 1164 1622 1211 audire
1659 1180 1762 1211 non

251 1252 493 1301 possum3
553 1236 643 1282 sed
684 1234 1067 1298 qualiscumque
1108 1236 1173 1280 sit
1213 1241 1305 1279 tua
1345 1249 1514 1288 031153,
1555 1232 1619 1279 (10
1661 1248 1762 1295 qua

251 1306 403 1353 modo
432 1320 679 1368 quaerere
707 1302 789 1349 vel
816 1303 1077 1365 disputare
1106 1318 1209 1347 non
1236 1318 1360 1364 opus
1390 1308 1486 1356 est,
1513 1300 1763 1363 numquid

253 1391 423 1421 coram
449 1374 544 1420 deo
575 1378 722 1435 potes
753 1387 943 1434 negare
976 1370 1113 1433 quod
1140 1372 1193 1415 in
1220 1373 1372 1416 istam
1400 1371 1764 1415 necessitatem

253 1459 355 1489 non
391 1444 727 1505 pervenisses,
765 1442 859 1485 nisi
896 1440 1031 1485 bona
1067 1437 1215 1484 huius
1254 1436 1442 1484 saeculi
1479 1436 1760 1492 dilexisses,

256 1526 387 1574 quae
413 1517 679 1572 tamquam
705 1524 877 1554 servus
904 1507 1003 1562 dei,
1030 1522 1184 1569 quem
1217 1513 1270 1552 te
1298 1513 1418 1552 ante
1444 1521 1764 1560 noveramus,

252 1586 582 1625 contemnere
613 1579 817 1623 omnino
849 1582 902 1621 et
930 1592 1021 1638 pro
1051 1573 1206 1620 nihilo
1235 1573 1427 1620 habere
1457 1574 1680 1620 debuisti
1711 1579 1765 1620 et

253 1646 426 1694 oblata
458 1646 666 1709 quidem
697 1660 916 1699 sumere,
947 1650 1005 1690 ut
1043 1646 1114 1689 eis
1152 1645 1367 1689 utereris
1399 1642 1465 1689 ad
1492 1644 1764 1704 pietatem,

254 1732 356 1762 non
405 1722 580 1760 autem
627 1719 819 1776 negata
867 1711 946 1758 vel
995 1710 1235 1774 delegata
1283 1714 1352 1757 sic
1401 1726 1665 1773 quaerere,
1707 1715 1767 1756 ut

250 1790 461 1846 propter
490 1781 575 1828 1113
604 1784 656 1827 111
684 1784 837 1827 1513111
867 1783 1231 1826 necessitatem
1260 1779 1628 1841 perducereris,
1658 1778 1764 1832 ubi,

253 1869 368 1898 cum
389 1857 625 1897 amantur
649 1866 796 1904 vana,
816 1855 1180 1911 perpetrantur
1203 1847 1353 1902 mala,
1375 1863 1538 1910 pauca
1558 1846 1767 1910 quidem

316 1997 336 2015 α
372 1991 459 2032 Cor
498 1991 648 2031 habere
687 1991 722 2030 is
757 1993 834 2030 not
868 2003 894 2029 a
932 2002 1140 2029 common
1180 1989 1354 2040 phrase,
1394 1987 1476 2028 but
1510 1989 1543 2028 it
1577 1989 1612 2028 is
1647 2000 1769 2028 more

257 2045 513 2100 frequently
534 2045 642 2086 used
662 2045 724 2096 by
746 2046 998 2096 Augustine
1018 2044 1128 2084 than
1148 2044 1210 2094 by
1230 2057 1321 2095 any
1341 2043 1480 2090 other,
1501 2042 1676 2095 though
1695 2041 1770 2083 the

264 2102 510 2142 Thesaurus
535 2100 735 2152 Linquae
758 2099 946 2140 Latinae
969 2098 1070 2139 fails
1090 2103 1136 2139 to
1162 2102 1265 2139 note
1288 2098 1363 2138 the
1386 2099 1491 2138 fact.
1554 2096 1596 2138 It
1615 2109 1770 2137 occurs

260 2159 305 2197 in
343 2157 458 2208 Epp.
492 2155 636 2196 lxxxv.
673 2157 715 2202 2,
746 2153 843 2194 cxli.
882 2157 934 2200 33
981 2153 1088 2193 [ftil.
1121 2153 1263 2193 lesan.
1296 2156 1336 2193 7.
1373 2155 1397 2193 9
1431 2152 1456 2168 ‘⁶
1478 2151 1646 2193 habent
1679 2164 1769 2199 cor,

261 2213 406 2252 sciunt
439 2210 635 2263 lapidem
669 2211 829 2249 sentire
864 2222 953 2248 non
987 2208 1183 2260 posse’';
1224 2207 1278 2247 In
1312 2207 1387 2248 Ps.
1419 2206 1533 2247 lxxv.
1570 2209 1619 2247 16
1655 2206 1771 2247 “cor

262 2266 472 2313 habeant,
491 2279 580 2305 non
602 2267 689 2305 sint
709 2265 822 2303 fatui
838 2263 890 2308 ”3
922 2263 978 2315 ef.
1002 2263 1055 2303 In
1077 2263 1152 2302 Ps.
1170 2264 1342 2309 xxxiv.;
1365 2261 1502 2302 Serm.
1520 2264 1562 2302 2.
1585 2264 1609 2302 8
1632 2261 1657 2277 ‘⁶
1673 2260 1771 2301 ubi-

261 2334 454 2373 cumque
471 2321 719 2360 invenerint
736 2318 1054 2366 Christianum,
1070 2317 1211 2358 solent
1244 2349 1253 2358 .
1289 2348 1298 2358 .
1333 2348 1343 2358 .
1376 2329 1534 2358 vocare
1551 2315 1771 2363 hebetem,

262 2375 495 2421 insulsum,
520 2374 683 2414 nullius
705 2372 896 2413 cordis.’‘

320 2430 335 2454 ὁ
369 2429 541 2470 Εο01115.
564 2443 605 2470 v.
630 2432 669 2469 8.

323 2490 337 2508 ⁰
370 2485 477 2524 This
504 2485 638 2524 refers
664 2487 710 2523 to
739 2481 975 2523 Placidia's
1003 2481 1134 2523 recall
1160 2482 1211 2523 of
1239 2481 1452 2522 Boniface
1476 2481 1595 2521 from
1619 2479 1775 2520 Africa

263 2544 310 2580 at
325 2540 400 2580 the
415 2533 698 2580 treacherous
715 2539 975 2590 instigation
992 2538 1043 2578 of
1062 2536 1312 2577 Boniface’s
1329 2535 1453 2584 rival,
1471 2534 1561 2576 and
1577 2535 1652 2576 the
1667 2546 1776 2576 con-

258 2610 352 2652 422
