1866 2964
710 190 801 238 ST.
840 190 1248 238 AUGUSTINE

224 326 275 369 in
299 330 352 370 te
377 323 585 370 laudare
612 330 665 370 et
691 340 861 369 amare
885 326 1152 385 possimus,
1178 323 1300 386 quid
1325 323 1615 370 audiremus
1638 325 1733 369 nisi

225 392 288 438 ab
315 391 483 454 aliquo
508 394 750 437 interiore
775 390 1010 437 familiari
1035 398 1143 447 tuo,
1169 394 1255 454 qui
1281 394 1438 438 vitam
1463 398 1608 438 tuam
1632 408 1734 438 non

223 463 275 505 in
299 459 565 522 superficie
590 459 681 506 sed
704 462 910 522 penitus
934 466 1108 505 nosset
1131 459 1149 506 ?
1219 459 1300 505 De
1325 457 1419 506 hoc
1442 462 1619 523 itaque
1643 466 1735 506 tuo

223 529 375 583 bon0,
413 527 496 574 dei
533 527 683 582 dono,
721 543 804 573 me
842 543 1046 590 quoque
1084 526 1311 574 delectat
1353 525 1649 574 familiarius
1680 534 1735 574 et

225 595 485 658 aliquanto
528 595 719 642 diutius
761 594 900 658 loqui
941 601 1130 642 tecum.
1201 593 1312 642 Scio
1353 611 1438 641 me
1478 611 1582 643 non
1623 611 1734 642 esse

223 666 363 710 oneri
398 664 510 718 tibi,
547 665 587 710 si
623 662 815 726 aliquid
848 662 1101 726 prolixum
1135 665 1306 719 mitto,
1342 663 1480 726 quod
1513 662 1734 727 legendo

223 731 412 778 diutius
455 734 519 777 sis
561 731 838 777 nobiscum.
911 730 1043 776 Nam
1085 738 1139 777 et
1178 729 1291 777 hoc·
1314 734 1556 794 comperi,
1597 731 1734 795 quod

221 803 356 845 inter
382 806 497 845 tuas
524 798 711 845 multas
738 815 1055 863 magnasque
1083 816 1227 845 curas
1253 797 1401 845 facile
1430 816 1487 845 ac
1513 798 1735 846 libenter

222 867 381 930 legas,
407 870 695 930 nostrisque
727 866 997 929 opusculis,
1026 870 1183 913 etiam
1210 883 1341 930 quae
1375 867 1440 914 ad
1471 866 1592 914 alios
1618 884 1735 914 con-

222 938 527 997 scripsimus,
563 938 603 981 si
639 952 741 998 qua
774 938 826 980 in
860 951 1040 981 manus
1076 942 1192 981 tuas
1227 938 1399 982 venire
1434 942 1733 998 potuerunt,

223 1004 499 1050 admodum
546 1002 852 1058 delecteris3
918 1009 1112 1066 quanto
1157 1006 1338 1066 magis,
1385 1004 1523 1066 quod
1569 1004 1635 1050 ad
1679 1010 1734 1050 te

222 1072 474 1127 scribitur,
511 1072 598 1117 ubi
634 1078 900 1134 tamquam
936 1074 1197 1133 praesenti
1232 1070 1428 1134 loquar,
1466 1078 1520 1118 et
1557 1071 1735 1118 adver-

221 1146 332 1186 tere
361 1140 584 1203 dignaris
613 1142 864 1185 attentius
893 1146 947 1186 et
975 1142 1204 1202 accipere
1231 1143 1426 1203 gratius
1451 1139 1461 1186 l
1530 1140 1614 1185 Ab
1640 1138 1736 1186 hac

223 1224 344 1271 ergo
374 1206 593 1269 epistula
619 1223 778 1270 perge
808 1207 873 1254 ad
899 1206 1102 1263 librum,
1131 1223 1286 1270 quem
1313 1207 1462 1254 simul
1487 1210 1619 1263 misi,
1648 1210 1735 1271 qui

221 1282 344 1321 tuae
377 1278 716 1331 reverentiae,
748 1282 801 1321 et
830 1292 918 1321 cur
947 1278 1260 1338 conscriptus
1290 1278 1356 1322 sit
1387 1282 1441 1322 et
1469 1292 1558 1322 cur
1587 1275 1652 1322 ad
1680 1282 1735 1322 te

220 1346 542 1406 potissimum
588 1346 787 1399 missus,
834 1346 943 1406 ipse
991 1360 1081 1390 suo
1127 1346 1375 1406 principio
1422 1344 1734 1391 commodius

221 1412 499 1458 intimabit.

708 1541 801 1589 No.
829 1548 890 1589 46
916 1542 1031 1606 (Ep.
1060 1541 1249 1606 00111)

232 1650 494 1692 DOMINO
555 1650 802 1692 INSIGNI
863 1651 940 1691 ET
999 1650 1594 1693 PRAESTANTISSIMO
1651 1651 1732 1693 AC

350 1715 980 1757 DESIDERANTISSIMO
1024 1715 1195 1757 FILIO
1238 1715 1455 1757 LARGO
1495 1716 1734 1759 AUGUS-

350 1780 544 1822 TINL'S
577 1780 644 1821 IN
677 1780 940 1821 DOMINO
974 1780 1273 1822 SALUTEM

286 1878 477 1940 Accepi
507 1877 706 1924 litteras
740 1881 1052 1924 eximietatis
1082 1884 1223 1934 tuae,
1255 1879 1438 1942 quibus
1467 1895 1551 1925 me
1584 1879 1649 1926 ad
1678 1886 1733 1926 te

221 1948 354 2008 petis
389 1953 447 1992 ut
479 1946 768 1993 scriberem.
839 1945 991 2004 Quod
1023 1947 1231 2009 quidem
1263 1963 1366 1993 non
1398 1947 1734 2004 desiderares,

221 2016 316 2060 nisi
365 2020 419 2060 et
465 2012 578 2070 hoc,
627 2014 765 2077 quod
811 2030 894 2060 me
942 2031 1091 2077 posse
1139 2015 1359 2074 scribere
1409 2017 1733 2072 existimasti,

276 2138 294 2156 ⁰
324 2133 431 2174 This
455 2132 597 2185 jingle
626 2133 734 2174 with
765 2133 921 2173 bonum
961 2133 1050 2174 and
1084 2135 1247 2174 donum
1278 2135 1313 2174 is
1343 2147 1370 2174 a
1398 2135 1618 2175 favourite
1647 2148 1732 2176 one

227 2187 331 2228 with
352 2188 630 2240 Augustine:
668 2187 796 2240 Conf.
822 2190 849 2229 i.
871 2190 941 2230 ΞΟ.
959 2191 1010 2228 31
1033 2188 1159 2228 “Dei
1175 2191 1263 2229 mei
1283 2187 1403 2229 dona
1422 2192 1528 2229 sunt
1558 2220 1568 2240 e
1600 2221 1611 2231 .
1647 2220 1658 2231 .
1687 2193 1731 2230 et

229 2242 350 2282 bona
372 2242 543 2288 sunt’';
580 2243 632 2283 ib.
654 2256 695 2283 x.
718 2246 758 2283 4.
787 2246 837 2289 5;
878 2242 933 2282 In
962 2242 1040 2284 Ps.
1076 2245 1170 2290 118,
1203 2243 1342 2284 Serm.
1369 2246 1434 2284 17.
1462 2247 1478 2283 1
1505 2244 1730 2295 “quando

222 2309 329 2348 ergo
359 2296 550 2336 delectat
579 2296 764 2344 bonum,
786 2310 1004 2349 magnum
1024 2301 1091 2337 est
1121 2297 1204 2337 Dei
1234 2296 1473 2345 donum”;
1509 2296 1606 2339 Civ.
1628 2298 1728 2347 Dei,

228 2365 298 2391 xv.
320 2354 346 2390 4
368 2351 519 2391 “haec
550 2351 669 2391 bona
698 2355 803 2391 sunt
832 2356 875 2391 et
905 2353 999 2391 sine
1028 2351 1168 2392 dubio
1197 2351 1282 2392 Dei
1311 2351 1431 2392 dona
1456 2352 1629 2399 sunt’';
1671 2353 1727 2394 ib.

229 2419 299 2446 xv.
322 2407 405 2451 ,⁶2:2;
440 2405 564 2445 Grat.
587 2411 625 2445 et
645 2405 757 2446 Arb.
781 2408 820 2446 6.
848 2409 898 2445 15
922 2409 948 2426 ‘⁶
963 2407 999 2446 si
1029 2410 1180 2446 autem
1210 2405 1330 2447 bona
1356 2410 1475 2455 sunt,
1496 2406 1580 2447 Dei
1609 2405 1730 2448 dona

228 2463 333 2499 sunt
348 2459 399 2505 ”3
430 2458 548 2511 Epp.
570 2472 636 2499 cx,
660 2463 686 2499 4
707 2459 796 2500 and
835 2462 944 2500 ccxi.
966 2462 1007 2500 3.

285 2513 300 2537 ὸ
334 2513 508 2566 Largus
524 2526 560 2608 13
576 2512 798 2567 probably
813 2514 888 2555 the
905 2513 1142 2568 proconsul
1157 2515 1209 2557 of
1222 2513 1320 2555 that
1341 2528 1472 2557 name
1492 2515 1537 2556 in
1557 2514 1728 2564 Africa,

223 2570 322 2615 415,
345 2570 444 2615 418,
466 2580 525 2608 an
578 2570 676 2610 419.

225 2638 316 2681 348
