1866 2964
746 149 835 196 ST.
876 146 1282 195 AUGUSTINE

255 289 386 333 torio
414 292 522 339 tuo,
547 300 665 329 vere
690 280 1016 345 profuturum
1041 295 1322 342 speramus,
1346 280 1441 323 nisi
1468 275 1602 323 forte
1631 274 1770 338 quod

254 362 371 410 talis
411 369 507 416 est,
546 368 604 407 ut
640 363 749 422 ipse
787 359 883 405 tibi
920 374 1013 420 per
1051 373 1170 403 eum
1209 356 1328 401 fiam
1365 353 1770 402 commendatior

257 456 411 502 quam
448 437 531 483 ille
568 453 661 499 per
696 451 796 481 me.
867 433 1133 479 Hactenus
1170 430 1387 478 fortasse
1425 431 1645 477 scribere
1683 429 1771 476 de-

255 515 472 567 buerim,
501 515 540 558 si
569 527 679 557 esse
706 508 891 556 vellem
920 506 1255 571 epistularum
1282 505 1603 552 sollemnium
1629 519 1771 550 more

263 596 552 636 contentus.
623 586 724 633 Sed
750 591 916 632 scatet
944 587 1141 630 animus
1167 586 1220 629 in
1243 581 1472 646 loquelas
1497 583 1778 628 communi-

262 665 449 711 candas
496 670 670 709 tecum
710 661 774 708 de
814 660 994 706 studiis
1033 661 1218 705 nostris
1261 674 1394 721 quae
1435 655 1685 703 habemus
1722 658 1775 701 in

262 739 463 786 Christo
483 739 600 784 Iesu
619 738 824 784 domino
842 742 1034 790 nostro,
1052 737 1139 798 qui
1155 734 1300 780 nobis
1316 732 1505 779 multas
1522 731 1777 779 utilitates

265 822 318 861 et
352 817 538 860 viatica
573 812 828 876 quaedam
864 810 1203 857 demonstrati
1238 825 1267 854 a
1300 824 1355 854 se
1387 810 1584 854 itineris
1618 810 1776 853 etiam

262 908 354 954 per
412 897 556 936 tuam
615 891 886 935 caritatem
944 902 1046 932 non
1103 885 1431 932 mediocriter
1487 886 1776 930 ministrare

265 968 524 1031 dignatur.

215 1053 239 1091 2
330 1042 397 1088 II.
438 1042 668 1088 Petimus
695 1056 817 1103 ergo
843 1044 897 1085 et
921 1038 1186 1085 nobiscum
1218 1040 1354 1100 petit
1387 1039 1550 1084 omnis
1583 1035 1780 1084 Africa-

265 1135 446 1164 narum
467 1116 793 1163 ecclesiarum
814 1114 1043 1160 studiosa
1058 1115 1294 1169 societas,
1308 1119 1367 1159 ut
1380 1113 1782 1176 interpretandis

267 1211 442 1241 eorum
469 1192 608 1239 libris
643 1194 728 1255 qui
756 1206 940 1255 graece
969 1192 1243 1252 scripturas
1276 1195 1474 1235 nostras
1510 1205 1665 1252 quam
1693 1206 1780 1252 op-

265 1274 392 1317 time
430 1274 803 1322 tractaverunt,
841 1282 1014 1312 curam
1054 1272 1211 1328 atque
1250 1282 1460 1328 operam
1496 1267 1779 1329 inpendere

267 1363 369 1392 non
407 1346 647 1409 graveris.
718 1342 872 1388 Potes
914 1343 1050 1387 enim
1090 1340 1307 1396 efficere,
1347 1347 1406 1387 ut
1444 1358 1535 1388 nos
1575 1358 1779 1406 quoque

266 1421 548 1467 habeamus
570 1418 700 1465 tales
722 1417 831 1464 illos
855 1420 984 1464 viros
1008 1424 1062 1463 et
1084 1434 1242 1463 unum
1264 1420 1604 1479 potissimum,
1626 1434 1781 1482 quem

268 1505 326 1544 tu
342 1496 585 1543 libentius
602 1498 655 1540 in
671 1497 772 1540 tuis
788 1493 975 1539 litteris
993 1509 1157 1539 sonas.
1227 1492 1308 1539 De
1327 1494 1586 1540 vertendis
1605 1501 1780 1541 autem

267 1576 319 1618 in
345 1572 573 1635 linguam
601 1570 815 1616 latinam
844 1571 1031 1615 sanctis
1057 1567 1244 1615 litteris
1271 1572 1524 1616 canonicis
1550 1569 1782 1618 laborare

268 1655 321 1694 te
349 1646 554 1701 nollem,
580 1648 675 1691 nisi
710 1662 769 1691 eo
796 1644 947 1690 modo
974 1661 1075 1706 quo
1104 1644 1195 1690 Iob
1228 1647 1600 1707 interpretatus
1627 1663 1698 1703 es,
1724 1655 1783 1694 ut

269 1726 423 1787 signis
449 1721 708 1776 adhibitis,
732 1720 855 1783 quid
877 1723 1013 1765 inter
1035 1718 1166 1765 hanc
1189 1726 1333 1766 tuam
1358 1727 1412 1767 et
1435 1737 1544 1777 Lxx,
1567 1739 1782 1786 quorum

270 1805 350 1844 est
393 1799 691 1861 gravissima
737 1797 1032 1850 auctoritas,
1076 1797 1560 1857 interpretationem
1605 1798 1782 1855 distet,

269 1879 533 1935 appareat.
620 1870 753 1917 Satis
805 1876 980 1915 autem
1030 1885 1232 1932 nequeo
1281 1874 1452 1917 mirari
1501 1875 1541 1919 si
1591 1872 1784 1937 aliquid

274 1947 439 1995 adhuc
470 1951 522 1993 in
552 1946 787 1993 hebraeis
820 1944 1198 2008 exemplaribus
1228 1949 1504 2004 invenitur,
1536 1949 1674 2012 quod
1703 1956 1785 1997 tot

269 2027 579 2085 interpretes
597 2021 727 2068 illius
745 2021 951 2085 linguae
970 2024 1303 2084 peritissimos
1321 2021 1528 2086 fugerit.
1582 2024 1782 2072 Omitto

273 2101 408 2145 enim
439 2113 547 2153 Lxx,
577 2097 641 2144 de
672 2114 888 2160 quorum
918 2095 999 2142 vel
1027 2095 1219 2142 consilii
1248 2096 1329 2143 vel
1357 2101 1563 2160 spiritus
1591 2103 1784 2146 maiore

272 2174 539 2221 concordia
565 2190 719 2237 quam
741 2176 781 2219 si
802 2189 931 2218 unus
954 2171 1105 2218 homo
1128 2179 1282 2228 esset,
1302 2190 1404 2219 non
1430 2174 1595 2222 audeo
1619 2178 1672 2221 in
1697 2175 1785 2222 ali-

273 2266 427 2312 quam
454 2256 657 2311 partem
684 2255 878 2294 certam
905 2246 1040 2294 ferre
1067 2251 1399 2304 sententiam,
1425 2251 1521 2295 nisi
1548 2250 1686 2313 quod
1713 2254 1785 2299 eis

272 2328 683 2387 praeminentem
710 2326 1073 2370 auctoritatem
1098 2326 1151 2369 in
1176 2322 1271 2370 hoc
1296 2341 1509 2371 munere
1535 2328 1643 2372 sine
1669 2343 1786 2373 con-

273 2403 519 2446 troversia
539 2399 867 2445 tribuendam
890 2401 1142 2445 existimo.
1213 2397 1292 2444 Illi
1311 2415 1395 2446 me
1424 2398 1537 2462 plus
1557 2408 1786 2458 movent,

917 2523 935 2541 ⁰
968 2518 1154 2571 Origen.

293 2590 354 2630 58
