1866 2964
751 166 842 215 ST.
881 167 1289 215 AUGUSTINE

265 299 578 361 inpenditur,
637 306 696 346 ut
752 298 886 345 mala
944 299 1176 347 voluntas
1234 299 1451 347 hominis
1508 300 1773 364 dirigatur.

267 366 399 419 Nam
430 370 540 431 quis
571 371 765 414 nesciat
797 385 890 413 nec
920 368 1150 414 damnari
1179 367 1439 415 hominem
1468 371 1563 415 nisi
1591 370 1776 414 merito

265 434 431 481 malae
471 435 765 491 voluntatis,
805 452 899 482 nec
937 435 1140 482 liberari
1179 439 1274 483 nisi
1311 437 1499 483 bonam
1536 435 1777 483 habuerit

265 502 585 549 voluntatem
609 503 627 549 ?
698 503 812 550 Non
832 511 1009 550 tamen
1029 504 1162 560 ideo,
1184 507 1271 567 qui
1291 504 1589 568 diliguntur,
1608 502 1776 550 malae

263 587 385 617 suae
408 570 660 617 voluntati
680 574 889 634 impune
913 579 965 618 et
987 571 1262 619 crudeliter
1281 572 1617 635 permittendi
1638 577 1776 626 sunt,

265 639 372 694 sed,
404 639 490 685 ubi
520 646 751 701 potestas
783 640 951 696 datur,
984 647 1038 687 et
1068 657 1098 686 a
1127 640 1261 686 malo
1291 639 1594 704 prohibendi
1625 646 1680 687 et
1710 638 1775 685 ad

263 707 454 753 bonum
479 708 710 771 cogendi.

214 781 238 820 3
330 774 462 820 Nam
500 779 540 822 si
579 774 812 822 voluntas
850 774 985 822 mala
1023 792 1226 839 semper
1264 792 1386 823 suae
1424 774 1774 839 permittenda

264 849 342 889 est
384 842 630 899 libertati,
673 860 830 907 quare
875 843 1175 891 Israhelitae
1216 852 1512 891 recusantes
1550 851 1605 890 et
1639 860 1774 890 mur-

261 918 524 958 murantes
562 918 671 958 tam
709 912 845 958 duris
883 911 1095 975 flagellis
1135 930 1163 958 a
1199 912 1334 959 malo
1370 911 1775 975 prohibebantur

263 985 316 1025 et
382 979 447 1026 ad
509 986 702 1026 terram
765 983 1107 1042 promissionis
1173 980 1653 1044 compellebantur?
1722 978 1774 1025 Si

262 1045 494 1093 voluntas
518 1046 653 1093 mala
678 1064 880 1110 semper
904 1065 1026 1095 suae
1050 1049 1400 1111 permittenda
1425 1056 1504 1096 est
1526 1048 1774 1103 libertati,

261 1131 419 1177 quare
455 1114 641 1162 Paulus
676 1133 779 1162 non
814 1123 892 1163 est
926 1120 1199 1179 permissus
1234 1120 1311 1164 uti
1343 1120 1565 1181 pessima
1599 1115 1773 1163 volun-

260 1189 390 1239 tate,
434 1200 535 1246 qua
576 1185 985 1248 persequebatur
1029 1184 1311 1242 ecclesiam,
1354 1186 1445 1232 sed
1486 1191 1772 1248 prostratus

261 1258 357 1306 est,
414 1259 472 1297 ut
529 1259 909 1308 excaecaretur,
967 1260 1289 1310 excaecatus,
1347 1260 1407 1300 ut
1464 1259 1771 1307 mutaretur,

259 1326 507 1374 mutatus,
537 1327 595 1366 ut
623 1323 937 1376 mitteretur,
965 1325 1165 1377 missus,
1194 1328 1270 1377 ut,
1300 1321 1469 1384 qualia
1497 1320 1693 1368 fecerat
1720 1323 1773 1366 in

261 1402 446 1443 errore,
492 1387 616 1434 talia
660 1405 751 1451 pro
797 1392 1017 1436 veritate
1062 1390 1371 1452 pateretur?
1440 1388 1492 1436 Si
1536 1388 1771 1436 voluntas

257 1454 391 1501 mala
428 1471 631 1518 semper
663 1473 785 1503 suae
822 1458 1173 1520 permittenda
1213 1465 1291 1504 est
1331 1457 1578 1513 libertati,
1611 1473 1770 1520 quare

256 1530 496 1570 monetur
520 1531 670 1586 pater
695 1527 747 1570 in
773 1528 1031 1588 scripturis
1059 1529 1245 1572 sanctis
1274 1525 1432 1572 filium
1458 1526 1642 1572 durum
1668 1541 1771 1571 non

257 1590 419 1637 solum
444 1593 609 1638 verbis
635 1595 886 1655 corripere
913 1594 1003 1640 sed
1029 1597 1186 1640 etiam
1210 1593 1374 1640 latera
1400 1597 1506 1640 eius
1531 1593 1770 1649 tundere,

257 1665 314 1705 ut
356 1659 420 1706 ad
460 1660 648 1706 bonam
689 1660 1006 1724 disciplinam
1047 1669 1252 1708 coactus
1295 1669 1348 1709 et
1389 1662 1612 1708 domitus
1653 1661 1771 1708 diri—

255 1727 449 1790 gatur?
521 1728 672 1775 Unde
715 1729 853 1775 idem
895 1730 1053 1776 dicit:
1108 1729 1180 1776 Tu
1216 1729 1399 1794 quidem
1428 1729 1634 1794 percutis
1667 1745 1769 1776 eum

257 1794 407 1859 virga,
444 1795 649 1843 animam
685 1803 835 1843 autem
871 1796 970 1844 eius
1006 1797 1222 1845 liberabis
1258 1815 1287 1844 a
1322 1805 1478 1844 morte.
1548 1797 1600 1844 Si
1634 1796 1769 1844 mala

257 1863 488 1910 voluntas
510 1881 712 1928 semper
732 1882 853 1911 suae
874 1866 1223 1928 permittenda
1245 1874 1323 1914 est
1342 1865 1587 1922 libertati,
1609 1881 1767 1930 quare

255 1935 594 1994 corripiuntur
646 1933 983 1997 neglegentes
1036 1941 1266 1996 pastores
1322 1942 1376 1981 et
1429 1935 1613 1981 dicitur
1660 1937 1767 1980 eis:

253 1998 502 2046 Errantem
528 2017 653 2047 ovem
679 2018 770 2048 non
795 2001 1062 2058 revocastis,
1082 2001 1315 2066 perditam
1347 2019 1438 2049 non
1462 2000 1725 2067 inquisistis
1745 2002 1769 2048 ,9

318 2175 336 2192 ‘²
371 2169 548 2217 Merito,
587 2183 636 2211 as
674 2172 799 2212 often
839 2174 883 2212 in
922 2172 1009 2213 late
1050 2172 1197 2221 Latin,
1237 2172 1317 2213 has
1355 2172 1429 2213 the
1468 2174 1680 2226 meaning
1718 2173 1771 2214 of

257 2229 455 2276 propter,
489 2225 513 2240 “
535 2225 724 2266 because
754 2227 847 2274 of,”
880 2227 904 2242 “
926 2227 987 2279 by
1017 2241 1173 2268 reason
1204 2227 1297 2268 of.''
1357 2227 1417 2268 So
1448 2229 1493 2268 in
1525 2227 1610 2268 No.
1644 2232 1667 2268 7
1700 2232 1759 2276 §1

257 2278 399 2319 above
427 2280 489 2331 (p.
517 2282 605 2330 32),
636 2281 661 2297 “
678 2283 835 2321 merito
863 2286 1147 2333 peccatorum
1169 2282 1418 2322 meorum.⁸'
1484 2281 1566 2323 See
1593 2282 1765 2324 Butler-

259 2333 398 2374 Owen
416 2347 473 2374 on
491 2334 626 2386 Apul.
644 2336 780 2387 Apol.
803 2339 842 2376 8.
866 2340 941 2383 153
973 2336 1167 2389 Bayard,
1184 2337 1243 2377 Le
1258 2337 1393 2376 Latin
1415 2337 1466 2377 de
1484 2337 1528 2378 S.
1551 2336 1760 2390 Cyprien,

257 2401 300 2440 p.
341 2391 444 2434 156;
488 2388 707 2437 Roensch,
742 2390 860 2430 Itala
903 2406 946 2431 u.
994 2391 1197 2443 Vulyata‚
1228 2405 1271 2444 p.
1303 2394 1402 2439 398,
1433 2391 1522 2432 and
1555 2405 1764 2445 compare

256 2442 332 2537 tJhe
369 2442 537 2483 similar
575 2457 652 2485 use
689 2445 740 2485 of
773 2445 986 2497 beneficio,
1025 2459 1233 2486 common
1271 2448 1317 2486 in
1355 2445 1524 2487 Seneca
1560 2446 1651 2487 and
1687 2447 1762 2489 the

290 2499 435 2538 urists.

321 2552 336 2576 ¹²
368 2551 419 2592 In
448 2551 534 2593 late
566 2552 699 2593 Latin
728 2559 870 2594 tamen
898 2554 1018 2595 often
1047 2554 1127 2595 has
1151 2569 1177 2595 a
1198 2555 1332 2596 much
1352 2553 1596 2596 weakened
1622 2569 1763 2605 sense,

259 2615 354 2664 286
