<?xml version="1.0" encoding="UTF-8"?>
<!DOCTYPE html PUBLIC "-//W3C//DTD XHTML 1.0 Transitional//EN"
    "http://www.w3.org/TR/xhtml1/DTD/xhtml1-transitional.dtd">
<html xmlns="http://www.w3.org/1999/xhtml" xml:lang="en" lang="en">
 <head>
  <title>
</title>
<meta http-equiv="Content-Type" content="text/html;charset=utf-8" />
  <meta name='ocr-system' content='tesseract 3.04.00' />
  <meta name='ocr-capabilities' content='ocr_page ocr_carea ocr_par ocr_line ocrx_word'/>
</head>
<body>
  <div class='ocr_page' id='page_1' title='image "./selectletters00auguuoft_0344.png"; bbox 0 0 1866 2964; ppageno 0'>
   <div class='ocr_carea' id='block_1_1' title="bbox 786 162 1326 210">
    <p class='ocr_par' dir='ltr' id='par_1_1' title="bbox 786 162 1326 210">
     <span class='ocr_line' id='line_1_1' title="bbox 786 162 1326 210; baseline 0 -1"><span class='ocrx_word' id='word_1_1' title='bbox 786 162 877 209; x_wconf 90' lang='lat' dir='ltr'>ST.</span> <span class='ocrx_word' id='word_1_2' title='bbox 917 162 1326 210; x_wconf 83' lang='lat' dir='ltr'>AUGUSTINE</span> 
     </span>
    </p>
   </div>
   <div class='ocr_carea' id='block_1_2' title="bbox 289 296 1813 1296">
    <p class='ocr_par' dir='ltr' id='par_1_2' title="bbox 289 296 1813 1296">
     <span class='ocr_line' id='line_1_2' title="bbox 297 296 1811 359; baseline -0.001 -17"><span class='ocrx_word' id='word_1_3' title='bbox 297 303 506 358; x_wconf 85' lang='lat' dir='ltr'>potest3</span> <span class='ocrx_word' id='word_1_4' title='bbox 562 299 601 342; x_wconf 90' lang='lat' dir='ltr'>si</span> <span class='ocrx_word' id='word_1_5' title='bbox 645 303 821 342; x_wconf 88' lang='lat' dir='ltr'>autem</span> <span class='ocrx_word' id='word_1_6' title='bbox 864 312 965 342; x_wconf 90' lang='lat' dir='ltr'>non</span> <span class='ocrx_word' id='word_1_7' title='bbox 1007 302 1198 357; x_wconf 93' lang='lat' dir='ltr'>potest,</span> <span class='ocrx_word' id='word_1_8' title='bbox 1245 296 1368 359; x_wconf 90' lang='lat' dir='ltr'>quid</span> <span class='ocrx_word' id='word_1_9' title='bbox 1406 312 1461 343; x_wconf 91' lang='lat' dir='ltr'>se</span> <span class='ocrx_word' id='word_1_10' title='bbox 1502 298 1811 358; x_wconf 87' lang='lat' dir='ltr'>praecipitat</span> 
     </span>
     <span class='ocr_line' id='line_1_3' title="bbox 295 362 1810 427; baseline 0 -17"><span class='ocrx_word' id='word_1_11' title='bbox 295 364 359 410; x_wconf 93' lang='lat' dir='ltr'>de</span> <span class='ocrx_word' id='word_1_12' title='bbox 407 367 670 410; x_wconf 78' lang='lat' dir='ltr'>rarissimis</span> <span class='ocrx_word' id='word_1_13' title='bbox 720 371 810 410; x_wconf 91' lang='lat' dir='ltr'>aut</span> <span class='ocrx_word' id='word_1_14' title='bbox 846 367 1127 426; x_wconf 77' lang='lat' dir='ltr'>inexpertis</span> <span class='ocrx_word' id='word_1_15' title='bbox 1176 367 1319 427; x_wconf 84' lang='lat' dir='ltr'>quasi</span> <span class='ocrx_word' id='word_1_16' title='bbox 1363 364 1629 410; x_wconf 89' lang='lat' dir='ltr'>definitam</span> <span class='ocrx_word' id='word_1_17' title='bbox 1676 362 1810 410; x_wconf 88' lang='lat' dir='ltr'>ferre</span> 
     </span>
     <span class='ocr_line' id='line_1_4' title="bbox 295 430 1810 488; baseline -0.001 -10"><span class='ocrx_word' id='word_1_18' title='bbox 295 436 625 488; x_wconf 87' lang='lat' dir='ltr'>sententiam,</span> <span class='ocrx_word' id='word_1_19' title='bbox 659 449 773 478; x_wconf 89' lang='lat' dir='ltr'>cum</span> <span class='ocrx_word' id='word_1_20' title='bbox 812 436 1059 478; x_wconf 90' lang='lat' dir='ltr'>continua</span> <span class='ocrx_word' id='word_1_21' title='bbox 1094 439 1147 478; x_wconf 90' lang='lat' dir='ltr'>et</span> <span class='ocrx_word' id='word_1_22' title='bbox 1181 432 1436 479; x_wconf 81' lang='lat' dir='ltr'>cotidjana</span> <span class='ocrx_word' id='word_1_23' title='bbox 1471 449 1574 478; x_wconf 89' lang='lat' dir='ltr'>non</span> <span class='ocrx_word' id='word_1_24' title='bbox 1606 430 1810 478; x_wconf 87' lang='lat' dir='ltr'>solvat?</span> 
     </span>
     <span class='ocr_line' id='line_1_5' title="bbox 295 498 1808 563; baseline -0.001 -17"><span class='ocrx_word' id='word_1_25' title='bbox 295 500 405 563; x_wconf 85' lang='lat' dir='ltr'>Ego</span> <span class='ocrx_word' id='word_1_26' title='bbox 455 508 648 555; x_wconf 83' lang='lat' dir='ltr'>autem,</span> <span class='ocrx_word' id='word_1_27' title='bbox 698 504 928 563; x_wconf 75' lang='lat' dir='ltr'>quamvis</span> <span class='ocrx_word' id='word_1_28' title='bbox 978 517 1078 563; x_wconf 92' lang='lat' dir='ltr'>quo</span> <span class='ocrx_word' id='word_1_29' title='bbox 1127 500 1279 546; x_wconf 91' lang='lat' dir='ltr'>modo</span> <span class='ocrx_word' id='word_1_30' title='bbox 1329 499 1455 546; x_wconf 89' lang='lat' dir='ltr'>fiant</span> <span class='ocrx_word' id='word_1_31' title='bbox 1501 503 1602 546; x_wconf 89' lang='lat' dir='ltr'>ista</span> <span class='ocrx_word' id='word_1_32' title='bbox 1649 498 1808 545; x_wconf 88' lang='lat' dir='ltr'>veluti</span> 
     </span>
     <span class='ocr_line' id='line_1_6' title="bbox 294 567 1811 630; baseline -0.001 -16"><span class='ocrx_word' id='word_1_33' title='bbox 294 585 536 630; x_wconf 88' lang='lat' dir='ltr'>corporea</span> <span class='ocrx_word' id='word_1_34' title='bbox 571 572 678 615; x_wconf 93' lang='lat' dir='ltr'>sine</span> <span class='ocrx_word' id='word_1_35' title='bbox 715 585 941 630; x_wconf 89' lang='lat' dir='ltr'>corpore,</span> <span class='ocrx_word' id='word_1_36' title='bbox 977 568 1143 614; x_wconf 83' lang='lat' dir='ltr'>verbis</span> <span class='ocrx_word' id='word_1_37' title='bbox 1179 584 1381 630; x_wconf 88' lang='lat' dir='ltr'>prorsus</span> <span class='ocrx_word' id='word_1_38' title='bbox 1419 567 1673 630; x_wconf 82' lang='lat' dir='ltr'>explicare</span> <span class='ocrx_word' id='word_1_39' title='bbox 1709 583 1811 613; x_wconf 88' lang='lat' dir='ltr'>non</span> 
     </span>
     <span class='ocr_line' id='line_1_7' title="bbox 292 635 1810 699; baseline -0.001 -17"><span class='ocrx_word' id='word_1_40' title='bbox 292 640 498 699; x_wconf 90' lang='lat' dir='ltr'>possim,</span> <span class='ocrx_word' id='word_1_41' title='bbox 525 644 703 683; x_wconf 89' lang='lat' dir='ltr'>tamen</span> <span class='ocrx_word' id='word_1_42' title='bbox 728 640 858 682; x_wconf 90' lang='lat' dir='ltr'>sicut</span> <span class='ocrx_word' id='word_1_43' title='bbox 884 639 985 682; x_wconf 90' lang='lat' dir='ltr'>scio</span> <span class='ocrx_word' id='word_1_44' title='bbox 1011 652 1113 682; x_wconf 91' lang='lat' dir='ltr'>non</span> <span class='ocrx_word' id='word_1_45' title='bbox 1140 653 1200 682; x_wconf 90' lang='lat' dir='ltr'>ea</span> <span class='ocrx_word' id='word_1_46' title='bbox 1225 652 1433 698; x_wconf 90' lang='lat' dir='ltr'>corpore</span> <span class='ocrx_word' id='word_1_47' title='bbox 1460 635 1585 691; x_wconf 90' lang='lat' dir='ltr'>fieri,</span> <span class='ocrx_word' id='word_1_48' title='bbox 1612 638 1810 681; x_wconf 90' lang='lat' dir='ltr'>utinam</span> 
     </span>
     <span class='ocr_line' id='line_1_8' title="bbox 292 703 1811 767; baseline -0.001 -17"><span class='ocrx_word' id='word_1_49' title='bbox 292 708 361 750; x_wconf 87' lang='lat' dir='ltr'>sic</span> <span class='ocrx_word' id='word_1_50' title='bbox 398 708 578 751; x_wconf 89' lang='lat' dir='ltr'>scirem</span> <span class='ocrx_word' id='word_1_51' title='bbox 617 721 716 767; x_wconf 90' lang='lat' dir='ltr'>quo</span> <span class='ocrx_word' id='word_1_52' title='bbox 754 704 905 750; x_wconf 92' lang='lat' dir='ltr'>modo</span> <span class='ocrx_word' id='word_1_53' title='bbox 938 704 1368 760; x_wconf 79' lang='lat' dir='ltr'>discernerentur,</span> <span class='ocrx_word' id='word_1_54' title='bbox 1401 720 1534 766; x_wconf 91' lang='lat' dir='ltr'>quae</span> <span class='ocrx_word' id='word_1_55' title='bbox 1573 703 1811 750; x_wconf 87' lang='lat' dir='ltr'>videntur</span> 
     </span>
     <span class='ocr_line' id='line_1_9' title="bbox 292 772 1810 835; baseline -0.001 -17"><span class='ocrx_word' id='word_1_56' title='bbox 292 772 565 835; x_wconf 89' lang='lat' dir='ltr'>aliquando</span> <span class='ocrx_word' id='word_1_57' title='bbox 589 789 681 834; x_wconf 90' lang='lat' dir='ltr'>per</span> <span class='ocrx_word' id='word_1_58' title='bbox 704 776 939 834; x_wconf 87' lang='lat' dir='ltr'>spiritum</span> <span class='ocrx_word' id='word_1_59' title='bbox 965 779 1017 818; x_wconf 94' lang='lat' dir='ltr'>et</span> <span class='ocrx_word' id='word_1_60' title='bbox 1040 789 1132 834; x_wconf 91' lang='lat' dir='ltr'>per</span> <span class='ocrx_word' id='word_1_61' title='bbox 1156 788 1336 834; x_wconf 91' lang='lat' dir='ltr'>corpus</span> <span class='ocrx_word' id='word_1_62' title='bbox 1360 772 1520 818; x_wconf 91' lang='lat' dir='ltr'>videri</span> <span class='ocrx_word' id='word_1_63' title='bbox 1542 778 1810 833; x_wconf 86' lang='lat' dir='ltr'>putantur,</span> 
     </span>
     <span class='ocr_line' id='line_1_10' title="bbox 293 838 1807 904; baseline -0.002 -17"><span class='ocrx_word' id='word_1_64' title='bbox 293 857 457 903; x_wconf 78' lang='lat' dir='ltr'>quove</span> <span class='ocrx_word' id='word_1_65' title='bbox 482 841 634 887; x_wconf 89' lang='lat' dir='ltr'>modo</span> <span class='ocrx_word' id='word_1_66' title='bbox 659 841 1044 904; x_wconf 76' lang='lat' dir='ltr'>distinguantur</span> <span class='ocrx_word' id='word_1_67' title='bbox 1068 843 1173 886; x_wconf 74' lang='lat' dir='ltr'>visa</span> <span class='ocrx_word' id='word_1_68' title='bbox 1199 856 1391 896; x_wconf 89' lang='lat' dir='ltr'>eorum,</span> <span class='ocrx_word' id='word_1_69' title='bbox 1417 856 1542 903; x_wconf 93' lang='lat' dir='ltr'>quos</span> <span class='ocrx_word' id='word_1_70' title='bbox 1568 856 1705 885; x_wconf 90' lang='lat' dir='ltr'>error</span> <span class='ocrx_word' id='word_1_71' title='bbox 1728 838 1807 885; x_wconf 89' lang='lat' dir='ltr'>vel</span> 
     </span>
     <span class='ocr_line' id='line_1_11' title="bbox 289 908 1810 971; baseline -0.001 -17"><span class='ocrx_word' id='word_1_72' title='bbox 289 912 528 971; x_wconf 78' lang='lat' dir='ltr'>impietas</span> <span class='ocrx_word' id='word_1_73' title='bbox 575 908 880 971; x_wconf 90' lang='lat' dir='ltr'>plerumque</span> <span class='ocrx_word' id='word_1_74' title='bbox 929 908 1145 964; x_wconf 79' lang='lat' dir='ltr'>deludit,</span> <span class='ocrx_word' id='word_1_75' title='bbox 1195 908 1399 971; x_wconf 92' lang='lat' dir='ltr'>quando</span> <span class='ocrx_word' id='word_1_76' title='bbox 1447 910 1563 954; x_wconf 89' lang='lat' dir='ltr'>visis</span> <span class='ocrx_word' id='word_1_77' title='bbox 1611 910 1810 969; x_wconf 88' lang='lat' dir='ltr'>piorum</span> 
     </span>
     <span class='ocr_line' id='line_1_12' title="bbox 290 974 1813 1040; baseline -0.001 -17"><span class='ocrx_word' id='word_1_78' title='bbox 290 984 447 1040; x_wconf 88' lang='lat' dir='ltr'>atque</span> <span class='ocrx_word' id='word_1_79' title='bbox 464 984 755 1023; x_wconf 90' lang='lat' dir='ltr'>sanctorum</span> <span class='ocrx_word' id='word_1_80' title='bbox 771 976 951 1023; x_wconf 88' lang='lat' dir='ltr'>similia</span> <span class='ocrx_word' id='word_1_81' title='bbox 966 975 1211 1039; x_wconf 89' lang='lat' dir='ltr'>pleraque</span> <span class='ocrx_word' id='word_1_82' title='bbox 1227 983 1498 1022; x_wconf 89' lang='lat' dir='ltr'>narrantur</span> <span class='ocrx_word' id='word_1_83' title='bbox 1522 975 1531 1021; x_wconf 88' lang='lat'>!</span> <span class='ocrx_word' id='word_1_84' title='bbox 1582 974 1813 1033; x_wconf 82' lang='lat' dir='ltr'>Quorum</span> 
     </span>
     <span class='ocr_line' id='line_1_13' title="bbox 290 1041 1811 1107; baseline -0.002 -16"><span class='ocrx_word' id='word_1_85' title='bbox 290 1045 528 1107; x_wconf 84' lang='lat' dir='ltr'>exempla</span> <span class='ocrx_word' id='word_1_86' title='bbox 572 1048 612 1091; x_wconf 93' lang='lat' dir='ltr'>si</span> <span class='ocrx_word' id='word_1_87' title='bbox 658 1061 1057 1091; x_wconf 89' lang='lat' dir='ltr'>commemorare</span> <span class='ocrx_word' id='word_1_88' title='bbox 1102 1044 1391 1100; x_wconf 86' lang='lat' dir='ltr'>voluissem,</span> <span class='ocrx_word' id='word_1_89' title='bbox 1436 1051 1641 1105; x_wconf 88' lang='lat' dir='ltr'>tempus</span> <span class='ocrx_word' id='word_1_90' title='bbox 1686 1041 1811 1088; x_wconf 90' lang='lat' dir='ltr'>mihi</span> 
     </span>
     <span class='ocr_line' id='line_1_14' title="bbox 289 1111 1811 1176; baseline -0.002 -17"><span class='ocrx_word' id='word_1_91' title='bbox 289 1117 458 1175; x_wconf 81' lang='lat' dir='ltr'>potius</span> <span class='ocrx_word' id='word_1_92' title='bbox 520 1130 675 1176; x_wconf 91' lang='lat' dir='ltr'>quam</span> <span class='ocrx_word' id='word_1_93' title='bbox 734 1116 879 1175; x_wconf 90' lang='lat' dir='ltr'>copia</span> <span class='ocrx_word' id='word_1_94' title='bbox 939 1111 1204 1159; x_wconf 76' lang='lat' dir='ltr'>defuisset.</span> <span class='ocrx_word' id='word_1_95' title='bbox 1278 1112 1482 1158; x_wconf 89' lang='lat' dir='ltr'>Memor</span> <span class='ocrx_word' id='word_1_96' title='bbox 1540 1114 1700 1158; x_wconf 79' lang='lat' dir='ltr'>nostri</span> <span class='ocrx_word' id='word_1_97' title='bbox 1757 1113 1811 1156; x_wconf 92' lang='lat' dir='ltr'>in</span> 
     </span>
     <span class='ocr_line' id='line_1_15' title="bbox 289 1180 1810 1244; baseline -0.003 -16"><span class='ocrx_word' id='word_1_98' title='bbox 289 1182 481 1228; x_wconf 90' lang='lat' dir='ltr'>domini</span> <span class='ocrx_word' id='word_1_99' title='bbox 511 1182 856 1228; x_wconf 84' lang='lat' dir='ltr'>misericordia</span> <span class='ocrx_word' id='word_1_100' title='bbox 886 1184 1161 1244; x_wconf 74' lang='lat' dir='ltr'>vegeteris,</span> <span class='ocrx_word' id='word_1_101' title='bbox 1192 1180 1397 1227; x_wconf 91' lang='lat' dir='ltr'>domine</span> <span class='ocrx_word' id='word_1_102' title='bbox 1427 1181 1724 1226; x_wconf 82' lang='lat' dir='ltr'>beatissime</span> <span class='ocrx_word' id='word_1_103' title='bbox 1756 1185 1810 1225; x_wconf 92' lang='lat' dir='ltr'>et</span> 
     </span>
     <span class='ocr_line' id='line_1_16' title="bbox 293 1247 1247 1296; baseline -0.002 0"><span class='ocrx_word' id='word_1_104' title='bbox 293 1249 592 1296; x_wconf 86' lang='lat' dir='ltr'>venerabilis</span> <span class='ocrx_word' id='word_1_105' title='bbox 620 1257 672 1296; x_wconf 92' lang='lat' dir='ltr'>et</span> <span class='ocrx_word' id='word_1_106' title='bbox 698 1249 1047 1296; x_wconf 88' lang='lat' dir='ltr'>desiderabilis</span> <span class='ocrx_word' id='word_1_107' title='bbox 1073 1247 1247 1295; x_wconf 88' lang='lat' dir='ltr'>frater.</span> 
     </span>
    </p>
   </div>
   <div class='ocr_carea' id='block_1_3' title="bbox 724 1456 1371 1520">
    <p class='ocr_par' dir='ltr' id='par_1_3' title="bbox 724 1456 1371 1520">
     <span class='ocr_line' id='line_1_17' title="bbox 724 1456 1371 1520; baseline -0.002 -17"><span class='ocrx_word' id='word_1_108' title='bbox 724 1457 818 1504; x_wconf 84' lang='lat' dir='ltr'>No.</span> <span class='ocrx_word' id='word_1_109' title='bbox 847 1462 908 1512; x_wconf 82' lang='lat'>39</span> <span class='ocrx_word' id='word_1_110' title='bbox 933 1458 1048 1519; x_wconf 81' lang='lat' dir='ltr'>(Ep.</span> <span class='ocrx_word' id='word_1_111' title='bbox 1077 1456 1371 1520; x_wconf 86' lang='lat' dir='ltr'>CLXXIII)</span> 
     </span>
    </p>
   </div>
   <div class='ocr_carea' id='block_1_4' title="bbox 296 1577 1806 1685">
    <p class='ocr_par' dir='ltr' id='par_1_4' title="bbox 296 1577 1806 1685">
     <span class='ocr_line' id='line_1_18' title="bbox 296 1577 1806 1620; baseline 0.001 -2"><span class='ocrx_word' id='word_1_112' title='bbox 296 1577 556 1619; x_wconf 75' lang='lat' dir='ltr'>DONATO</span> <span class='ocrx_word' id='word_1_113' title='bbox 601 1577 1011 1619; x_wconf 80' lang='lat' dir='ltr'>PRESBYTERO</span> <span class='ocrx_word' id='word_1_114' title='bbox 1055 1577 1277 1619; x_wconf 85' lang='lat' dir='ltr'>PARTIS</span> <span class='ocrx_word' id='word_1_115' title='bbox 1319 1577 1561 1619; x_wconf 87' lang='lat' dir='ltr'><strong>DONATI</strong></span> <span class='ocrx_word' id='word_1_116' title='bbox 1602 1577 1806 1620; x_wconf 91' lang='lat' dir='ltr'><strong>AUGU-</strong></span> 
     </span>
     <span class='ocr_line' id='line_1_19' title="bbox 341 1642 1754 1685; baseline 0 -1"><span class='ocrx_word' id='word_1_117' title='bbox 341 1642 566 1684; x_wconf 71' lang='lat' dir='ltr'>STINUS</span> <span class='ocrx_word' id='word_1_118' title='bbox 599 1642 939 1684; x_wconf 75' lang='lat' dir='ltr'>EPISCOPUS</span> <span class='ocrx_word' id='word_1_119' title='bbox 972 1642 1316 1684; x_wconf 81' lang='lat' dir='ltr'><strong>ECCLESIAE</strong></span> <span class='ocrx_word' id='word_1_120' title='bbox 1352 1642 1754 1685; x_wconf 88' lang='lat' dir='ltr'><strong>CATHOLICAE</strong></span> 
     </span>
    </p>
   </div>
   <div class='ocr_carea' id='block_1_5' title="bbox 242 1760 1805 2098">
    <p class='ocr_par' dir='ltr' id='par_1_5' title="bbox 242 1760 1805 2098">
     <span class='ocr_line' id='line_1_20' title="bbox 242 1760 1805 1823; baseline 0.001 -16"><span class='ocrx_word' id='word_1_121' title='bbox 242 1769 262 1806; x_wconf 94' lang='lat' dir='ltr'>l</span> <span class='ocrx_word' id='word_1_122' title='bbox 354 1760 405 1807; x_wconf 82' lang='lat' dir='ltr'>Si</span> <span class='ocrx_word' id='word_1_123' title='bbox 451 1777 624 1823; x_wconf 89' lang='lat' dir='ltr'>posses</span> <span class='ocrx_word' id='word_1_124' title='bbox 672 1761 845 1807; x_wconf 88' lang='lat' dir='ltr'>videre</span> <span class='ocrx_word' id='word_1_125' title='bbox 893 1760 1121 1808; x_wconf 88' lang='lat' dir='ltr'>dolorem</span> <span class='ocrx_word' id='word_1_126' title='bbox 1167 1761 1329 1808; x_wconf 85' lang='lat' dir='ltr'>cordis</span> <span class='ocrx_word' id='word_1_127' title='bbox 1376 1764 1478 1808; x_wconf 89' lang='lat' dir='ltr'>mei</span> <span class='ocrx_word' id='word_1_128' title='bbox 1526 1768 1580 1808; x_wconf 88' lang='lat' dir='ltr'>et</span> <span class='ocrx_word' id='word_1_129' title='bbox 1626 1760 1805 1808; x_wconf 90' lang='lat' dir='ltr'>sollici-</span> 
     </span>
     <span class='ocr_line' id='line_1_21' title="bbox 289 1828 1805 1891; baseline 0 -15"><span class='ocrx_word' id='word_1_130' title='bbox 289 1829 524 1876; x_wconf 88' lang='lat' dir='ltr'>tudinem</span> <span class='ocrx_word' id='word_1_131' title='bbox 566 1845 658 1891; x_wconf 90' lang='lat' dir='ltr'>pro</span> <span class='ocrx_word' id='word_1_132' title='bbox 693 1828 858 1875; x_wconf 88' lang='lat' dir='ltr'>salute</span> <span class='ocrx_word' id='word_1_133' title='bbox 907 1836 1015 1885; x_wconf 87' lang='lat' dir='ltr'>tua,</span> <span class='ocrx_word' id='word_1_134' title='bbox 1050 1828 1266 1876; x_wconf 87' lang='lat' dir='ltr'>fortasse</span> <span class='ocrx_word' id='word_1_135' title='bbox 1301 1828 1587 1877; x_wconf 78' lang='lat' dir='ltr'>miserereris</span> <span class='ocrx_word' id='word_1_136' title='bbox 1620 1829 1805 1876; x_wconf 80' lang='lat' dir='ltr'>animae</span> 
     </span>
     <span class='ocr_line' id='line_1_22' title="bbox 290 1896 1803 1961; baseline 0.001 -18"><span class='ocrx_word' id='word_1_137' title='bbox 290 1904 395 1943; x_wconf 78' lang='lat' dir='ltr'>tuae</span> <span class='ocrx_word' id='word_1_138' title='bbox 424 1897 618 1961; x_wconf 79' lang='lat' dir='ltr'>placens</span> <span class='ocrx_word' id='word_1_139' title='bbox 655 1896 739 1943; x_wconf 85' lang='lat' dir='ltr'>deo</span> <span class='ocrx_word' id='word_1_140' title='bbox 776 1900 828 1942; x_wconf 91' lang='lat' dir='ltr'>in</span> <span class='ocrx_word' id='word_1_141' title='bbox 865 1897 1120 1944; x_wconf 88' lang='lat' dir='ltr'>audiendo</span> <span class='ocrx_word' id='word_1_142' title='bbox 1156 1898 1312 1944; x_wconf 89' lang='lat' dir='ltr'>verbo</span> <span class='ocrx_word' id='word_1_143' title='bbox 1350 1915 1452 1944; x_wconf 93' lang='lat' dir='ltr'>non</span> <span class='ocrx_word' id='word_1_144' title='bbox 1488 1905 1678 1954; x_wconf 88' lang='lat' dir='ltr'>nostro,</span> <span class='ocrx_word' id='word_1_145' title='bbox 1712 1898 1803 1945; x_wconf 89' lang='lat' dir='ltr'>sed</span> 
     </span>
     <span class='ocr_line' id='line_1_23' title="bbox 288 1966 1803 2030; baseline 0.001 -19"><span class='ocrx_word' id='word_1_146' title='bbox 288 1968 461 2028; x_wconf 88' lang='lat' dir='ltr'>ipsius,</span> <span class='ocrx_word' id='word_1_147' title='bbox 483 1982 577 2011; x_wconf 94' lang='lat' dir='ltr'>nec</span> <span class='ocrx_word' id='word_1_148' title='bbox 604 1968 710 2011; x_wconf 92' lang='lat' dir='ltr'>eius</span> <span class='ocrx_word' id='word_1_149' title='bbox 737 1968 1010 2028; x_wconf 87' lang='lat' dir='ltr'>scripturas</span> <span class='ocrx_word' id='word_1_150' title='bbox 1038 1968 1107 2011; x_wconf 91' lang='lat' dir='ltr'>sic</span> <span class='ocrx_word' id='word_1_151' title='bbox 1134 1967 1187 2011; x_wconf 92' lang='lat' dir='ltr'>in</span> <span class='ocrx_word' id='word_1_152' title='bbox 1213 1969 1459 2012; x_wconf 88' lang='lat' dir='ltr'>memoria</span> <span class='ocrx_word' id='word_1_153' title='bbox 1484 1973 1575 2012; x_wconf 88' lang='lat' dir='ltr'>tua</span> <span class='ocrx_word' id='word_1_154' title='bbox 1602 1966 1803 2030; x_wconf 83' lang='lat' dir='ltr'>figeres,</span> 
     </span>
     <span class='ocr_line' id='line_1_24' title="bbox 290 2032 1804 2098; baseline 0.001 -19"><span class='ocrx_word' id='word_1_155' title='bbox 290 2040 348 2080; x_wconf 92' lang='lat' dir='ltr'>ut</span> <span class='ocrx_word' id='word_1_156' title='bbox 394 2040 571 2080; x_wconf 92' lang='lat' dir='ltr'>contra</span> <span class='ocrx_word' id='word_1_157' title='bbox 619 2050 703 2079; x_wconf 90' lang='lat' dir='ltr'>eas</span> <span class='ocrx_word' id='word_1_158' title='bbox 750 2050 834 2079; x_wconf 90' lang='lat' dir='ltr'>cor</span> <span class='ocrx_word' id='word_1_159' title='bbox 879 2032 1158 2080; x_wconf 86' lang='lat' dir='ltr'>clauderes.</span> <span class='ocrx_word' id='word_1_160' title='bbox 1247 2033 1498 2097; x_wconf 91' lang='lat' dir='ltr'>Displicet</span> <span class='ocrx_word' id='word_1_161' title='bbox 1543 2035 1637 2080; x_wconf 88' lang='lat' dir='ltr'>tibi</span> <span class='ocrx_word' id='word_1_162' title='bbox 1683 2037 1804 2098; x_wconf 88' lang='lat' dir='ltr'>quia</span> 
     </span>
    </p>
   </div>
   <div class='ocr_carea' id='block_1_6' title="bbox 290 2216 1801 2585">
    <p class='ocr_par' dir='ltr' id='par_1_6' title="bbox 290 2216 1801 2585">
     <span class='ocr_line' id='line_1_25' title="bbox 351 2216 1799 2270; baseline 0.002 -14"><span class='ocrx_word' id='word_1_163' title='bbox 351 2222 370 2240; x_wconf 74' lang='lat'>&lt;²</span> <span class='ocrx_word' id='word_1_164' title='bbox 400 2216 507 2256; x_wconf 91' lang='lat' dir='ltr'>This</span> <span class='ocrx_word' id='word_1_165' title='bbox 534 2216 753 2264; x_wconf 82' lang='lat' dir='ltr'>Donatus,</span> <span class='ocrx_word' id='word_1_166' title='bbox 782 2230 808 2256; x_wconf 88' lang='lat' dir='ltr'>a</span> <span class='ocrx_word' id='word_1_167' title='bbox 835 2218 971 2268; x_wconf 87' lang='lat' dir='ltr'>priest</span> <span class='ocrx_word' id='word_1_168' title='bbox 997 2217 1050 2256; x_wconf 89' lang='lat' dir='ltr'>of</span> <span class='ocrx_word' id='word_1_169' title='bbox 1071 2216 1146 2257; x_wconf 88' lang='lat' dir='ltr'>the</span> <span class='ocrx_word' id='word_1_170' title='bbox 1173 2217 1383 2258; x_wconf 84' lang='lat' dir='ltr'>Donatist</span> <span class='ocrx_word' id='word_1_171' title='bbox 1408 2222 1554 2270; x_wconf 87' lang='lat' dir='ltr'>party,</span> <span class='ocrx_word' id='word_1_172' title='bbox 1582 2218 1682 2259; x_wconf 89' lang='lat' dir='ltr'>who</span> <span class='ocrx_word' id='word_1_173' title='bbox 1710 2218 1799 2259; x_wconf 86' lang='lat' dir='ltr'>had</span> 
     </span>
     <span class='ocr_line' id='line_1_26' title="bbox 291 2269 1800 2323; baseline 0.002 -12"><span class='ocrx_word' id='word_1_174' title='bbox 291 2270 403 2311; x_wconf 88' lang='lat' dir='ltr'>been</span> <span class='ocrx_word' id='word_1_175' title='bbox 431 2269 679 2322; x_wconf 89' lang='lat' dir='ltr'>compelled</span> <span class='ocrx_word' id='word_1_176' title='bbox 707 2270 768 2322; x_wconf 92' lang='lat' dir='ltr'>by</span> <span class='ocrx_word' id='word_1_177' title='bbox 796 2270 880 2310; x_wconf 87' lang='lat' dir='ltr'>law</span> <span class='ocrx_word' id='word_1_178' title='bbox 907 2276 952 2312; x_wconf 89' lang='lat' dir='ltr'>to</span> <span class='ocrx_word' id='word_1_179' title='bbox 974 2271 1070 2323; x_wconf 87' lang='lat' dir='ltr'>join</span> <span class='ocrx_word' id='word_1_180' title='bbox 1097 2271 1173 2312; x_wconf 91' lang='lat' dir='ltr'>the</span> <span class='ocrx_word' id='word_1_181' title='bbox 1201 2270 1404 2312; x_wconf 90' lang='lat' dir='ltr'>Catholic</span> <span class='ocrx_word' id='word_1_182' title='bbox 1431 2271 1610 2313; x_wconf 90' lang='lat' dir='ltr'>Church</span> <span class='ocrx_word' id='word_1_183' title='bbox 1637 2272 1727 2313; x_wconf 88' lang='lat' dir='ltr'>and</span> <span class='ocrx_word' id='word_1_184' title='bbox 1754 2275 1800 2314; x_wconf 92' lang='lat' dir='ltr'>in</span> 
     </span>
     <span class='ocr_line' id='line_1_27' title="bbox 292 2324 1801 2377; baseline 0.002 -12"><span class='ocrx_word' id='word_1_185' title='bbox 292 2325 358 2365; x_wconf 92' lang='lat' dir='ltr'>his</span> <span class='ocrx_word' id='word_1_186' title='bbox 385 2327 624 2366; x_wconf 87' lang='lat' dir='ltr'>resistance</span> <span class='ocrx_word' id='word_1_187' title='bbox 652 2324 740 2365; x_wconf 90' lang='lat' dir='ltr'>had</span> <span class='ocrx_word' id='word_1_188' title='bbox 767 2324 883 2366; x_wconf 90' lang='lat' dir='ltr'>done</span> <span class='ocrx_word' id='word_1_189' title='bbox 910 2325 1091 2366; x_wconf 87' lang='lat' dir='ltr'>himself</span> <span class='ocrx_word' id='word_1_190' title='bbox 1112 2325 1267 2377; x_wconf 88' lang='lat' dir='ltr'>bodily</span> <span class='ocrx_word' id='word_1_191' title='bbox 1292 2325 1435 2374; x_wconf 89' lang='lat' dir='ltr'>harm,</span> <span class='ocrx_word' id='word_1_192' title='bbox 1463 2328 1498 2367; x_wconf 89' lang='lat' dir='ltr'>is</span> <span class='ocrx_word' id='word_1_193' title='bbox 1525 2331 1602 2368; x_wconf 93' lang='lat' dir='ltr'>not</span> <span class='ocrx_word' id='word_1_194' title='bbox 1626 2327 1801 2368; x_wconf 86' lang='lat' dir='ltr'>further</span> 
     </span>
     <span class='ocr_line' id='line_1_28' title="bbox 292 2379 1798 2434; baseline 0.001 -14"><span class='ocrx_word' id='word_1_195' title='bbox 292 2379 472 2420; x_wconf 81' lang='lat' dir='ltr'>known.</span> <span class='ocrx_word' id='word_1_196' title='bbox 527 2380 659 2420; x_wconf 88' lang='lat' dir='ltr'>From</span> <span class='ocrx_word' id='word_1_197' title='bbox 682 2383 700 2427; x_wconf 67' lang='grc' dir='ltr'>ἓ</span> <span class='ocrx_word' id='word_1_198' title='bbox 722 2382 745 2419; x_wconf 82' lang='lat'><strong>7</strong></span> <span class='ocrx_word' id='word_1_199' title='bbox 771 2382 803 2419; x_wconf 94' lang='lat' dir='ltr'>it</span> <span class='ocrx_word' id='word_1_200' title='bbox 823 2393 1012 2431; x_wconf 88' lang='lat' dir='ltr'>appears</span> <span class='ocrx_word' id='word_1_201' title='bbox 1030 2380 1127 2420; x_wconf 84' lang='lat' dir='ltr'>that</span> <span class='ocrx_word' id='word_1_202' title='bbox 1148 2380 1201 2420; x_wconf 91' lang='lat' dir='ltr'>he</span> <span class='ocrx_word' id='word_1_203' title='bbox 1217 2394 1342 2420; x_wconf 90' lang='lat' dir='ltr'>came</span> <span class='ocrx_word' id='word_1_204' title='bbox 1359 2380 1474 2421; x_wconf 88' lang='lat' dir='ltr'>from</span> <span class='ocrx_word' id='word_1_205' title='bbox 1499 2381 1798 2434; x_wconf 85' lang='lat' dir='ltr'>Mutugenna,</span> 
     </span>
     <span class='ocr_line' id='line_1_29' title="bbox 294 2434 1800 2489; baseline 0.003 -16"><span class='ocrx_word' id='word_1_206' title='bbox 294 2434 437 2474; x_wconf 80' lang='lat' dir='ltr'>which</span> <span class='ocrx_word' id='word_1_207' title='bbox 467 2434 542 2485; x_wconf 74' lang='lat' dir='ltr'>lay</span> <span class='ocrx_word' id='word_1_208' title='bbox 566 2436 608 2473; x_wconf 91' lang='lat' dir='ltr'>in</span> <span class='ocrx_word' id='word_1_209' title='bbox 637 2434 710 2474; x_wconf 90' lang='lat' dir='ltr'>the</span> <span class='ocrx_word' id='word_1_210' title='bbox 738 2436 921 2486; x_wconf 77' lang='lat' dir='ltr'>vicinity</span> <span class='ocrx_word' id='word_1_211' title='bbox 943 2434 993 2474; x_wconf 87' lang='lat' dir='ltr'>of</span> <span class='ocrx_word' id='word_1_212' title='bbox 1018 2434 1185 2486; x_wconf 91' lang='lat' dir='ltr'>Hippo.</span> <span class='ocrx_word' id='word_1_213' title='bbox 1249 2434 1355 2475; x_wconf 89' lang='lat' dir='ltr'>This</span> <span class='ocrx_word' id='word_1_214' title='bbox 1384 2434 1511 2476; x_wconf 86' lang='lat' dir='ltr'>letter</span> <span class='ocrx_word' id='word_1_215' title='bbox 1539 2437 1575 2476; x_wconf 88' lang='lat' dir='ltr'>is</span> <span class='ocrx_word' id='word_1_216' title='bbox 1603 2449 1711 2489; x_wconf 87' lang='lat' dir='ltr'>very</span> <span class='ocrx_word' id='word_1_217' title='bbox 1734 2438 1800 2477; x_wconf 91' lang='lat' dir='ltr'>in-</span> 
     </span>
     <span class='ocr_line' id='line_1_30' title="bbox 290 2488 1648 2583; baseline 0.003 -55"><span class='ocrx_word' id='word_1_218' title='bbox 290 2490 507 2583; x_wconf 45' lang='grc' dir='ltr'>εῒτξοὲἰνεί</span> <span class='ocrx_word' id='word_1_219' title='bbox 519 2490 589 2528; x_wconf 89' lang='lat' dir='ltr'>for</span> <span class='ocrx_word' id='word_1_220' title='bbox 610 2489 901 2541; x_wconf 81' lang='lat' dir='ltr'>Augustine’s</span> <span class='ocrx_word' id='word_1_221' title='bbox 923 2493 1182 2543; x_wconf 86' lang='lat' dir='ltr'>arguments</span> <span class='ocrx_word' id='word_1_222' title='bbox 1203 2491 1381 2544; x_wconf 86' lang='lat' dir='ltr'>against</span> <span class='ocrx_word' id='word_1_223' title='bbox 1400 2488 1648 2532; x_wconf 84' lang='lat' dir='ltr'>toleration.</span> 
     </span>
     <span class='ocr_line' id='line_1_31' title="bbox 442 2545 789 2585; baseline 0.003 -2"><span class='ocrx_word' id='word_1_224' title='bbox 442 2556 491 2583; x_wconf 90' lang='lat' dir='ltr'>cc</span> <span class='ocrx_word' id='word_1_225' title='bbox 510 2556 574 2584; x_wconf 90' lang='lat' dir='ltr'>us.</span> <span class='ocrx_word' id='word_1_226' title='bbox 598 2557 696 2584; x_wconf 79' lang='lat' dir='ltr'>xxx.</span> <span class='ocrx_word' id='word_1_227' title='bbox 719 2545 789 2585; x_wconf 72' lang='lat'>24.</span> 
     </span>
    </p>
   </div>
   <div class='ocr_carea' id='block_1_7' title="bbox 295 2614 389 2656">
    <p class='ocr_par' dir='ltr' id='par_1_7' title="bbox 295 2614 389 2656">
     <span class='ocr_line' id='line_1_32' title="bbox 295 2614 389 2656; baseline 0.011 -1"><span class='ocrx_word' id='word_1_228' title='bbox 295 2614 389 2656; x_wconf 75' lang='lat'>282</span> 
     </span>
    </p>
   </div>
  </div>
 </body>
</html>
