1866 2964
750 110 841 161 ST.
879 113 1288 185 AUGUSTINE

264 248 386 296 dum
435 246 551 303 fuit,
602 263 666 293 ne
717 249 989 310 quisquam
1038 249 1090 292 in
1141 263 1260 293 eum
1308 263 1517 293 manum
1566 248 1775 292 mittere

265 338 480 385 auderet
499 352 510 392 3
536 339 577 383 si
598 343 772 382 autem
796 338 903 382 sine
926 335 1028 391 illo,
1048 352 1180 399 quae
1200 334 1337 382 frons
1359 342 1494 382 esset
1518 337 1776 381 existima-

265 430 434 482 tionis,
469 429 507 472 si
545 425 667 489 quid
703 428 748 471 ei
783 423 1010 471 fortassis
1046 425 1301 472 accideret
1337 431 1390 471 et
1424 424 1623 471 viderer
1657 440 1776 471 eum

265 523 539 580 propterea
565 515 867 569 deseruisse,
892 521 950 560 ut
974 513 1166 561 furenti
1188 513 1377 577 populo
1401 514 1709 561 traderetur.

219 613 243 652 3
335 605 478 651 Inter
517 603 608 650 hOS
650 610 821 650 aCStUS
861 620 1003 650 meOS
1043 619 1356 667 gravemque
1396 619 1682 649 maerorem
1722 608 1777 648 et
1840 613 1844 617 ’

265 693 448 741 nullius
480 692 672 740 consilii
696 695 1102 755 respirationem,
1131 709 1248 739 ecce
1272 699 1489 755 repente
1516 699 1672 755 atque
1701 694 1777 738 in-

267 787 475 846 opinate
510 789 715 829 sanctus
751 781 880 827 filius
914 789 1089 828 noster
1123 781 1363 828 Pinianus
1396 784 1560 828 mittit
1594 781 1660 828 ad
1691 796 1775 827 me

266 889 469 919 servum
508 872 610 927 dei,
649 874 736 934 qui
774 870 898 916 mihi
936 871 1131 917 diceret
1171 888 1289 917 eum
1326 888 1381 918 se
1420 870 1549 918 velle
1586 869 1775 933 populo

265 965 431 1009 iurare
475 961 629 1024 quod,
671 963 711 1007 si
761 967 897 1006 esset
945 960 1207 1007 ordinatus
1248 963 1455 1016 invitus,
1497 977 1561 1007 ex
1601 958 1775 1006 Africa

265 1051 555 1099 discederet
599 1052 822 1105 omnino,
866 1050 1036 1106 credo,
1081 1053 1378 1097 existimans
1423 1066 1526 1106 eos,
1571 1049 1775 1113 quando

267 1141 476 1204 quidem
516 1142 748 1202 peierare
790 1155 892 1185 non
931 1146 1123 1201 posset,
1164 1156 1266 1186 non
1306 1142 1408 1186 iam
1449 1138 1661 1186 ulterius
1701 1141 1776 1185 in-

266 1229 527 1276 fructuosa
559 1230 944 1291 perseverantia
976 1227 1281 1275 clamaturos
1315 1229 1381 1276 ad
1414 1227 1775 1291 expellendum

266 1318 383 1365 hinc
438 1317 716 1374 hominem,
773 1333 928 1380 quem
983 1316 1167 1364 saltem
1223 1318 1528 1365 deberemus
1583 1317 1775 1365 habere

267 1412 501 1455 vicinum.
573 1405 705 1453 Mihi
722 1414 898 1453 autem
915 1409 1035 1470 quia
1051 1407 1321 1454 videbatur
1337 1406 1775 1454 vehementiorem

268 1514 442 1544 eorum
470 1495 696 1543 dolorem
722 1503 840 1558 post
867 1494 997 1542 hanc
1024 1499 1331 1543 iurationem
1358 1495 1513 1543 fuisse
1540 1504 1775 1544 metuen-

267 1588 407 1642 dum,
437 1585 574 1648 apud
600 1601 683 1631 me
721 1588 908 1632 tacitus
944 1584 1118 1641 habui,
1148 1592 1202 1632 et
1230 1589 1349 1650 quja
1376 1585 1525 1633 simul
1551 1589 1776 1650 petierat

267 1684 325 1723 ut
354 1675 418 1722 ad
448 1692 566 1721 eum
594 1678 839 1730 venirem,
867 1691 969 1720 non
997 1674 1186 1722 distuli.
1256 1673 1384 1722 Cum
1412 1675 1535 1722 mihi
1563 1676 1776 1723 dixisset

266 1765 360 1812 hoc
382 1768 566 1828 ipsum,
588 1767 830 1810 continuo
853 1771 907 1810 et
927 1763 1052 1810 illud
1074 1764 1307 1811 adiunxit
1331 1765 1498 1812 eidem
1519 1768 1775 1821 iurationi,

268 1854 404 1918 quod
427 1852 568 1909 mihi,
593 1853 715 1900 dum
740 1853 804 1899 ad
835 1869 952 1899 eum
975 1870 1152 1918 pergo,
1174 1870 1267 1916 per
1290 1853 1444 1900 alium
1467 1855 1551 1902 dei
1573 1871 1775 1902 servum

267 1943 620 1998 mandaverat,
641 1942 705 1989 de
725 1945 1019 2005 praesentia
1039 1941 1232 1990 scilicet
1251 1960 1360 2000 sua,
1381 1947 1421 1990 si
1443 1947 1489 1990 ei
1509 1943 1774 1992 clericatus

268 2036 515 2080 sarcinam
539 2030 733 2077 nolenti
757 2030 922 2078 nullus
945 2035 1231 2094 inponeret.
1301 2032 1399 2079 Hic
1423 2049 1519 2097 ego
1541 2037 1594 2080 in
1617 2037 1775 2080 tantis

268 2124 514 2186 angustiis
553 2123 696 2184 quasi
735 2137 857 2166 aura
894 2124 1120 2183 spirante
1157 2129 1416 2169 recreatus
1454 2121 1578 2168 nihil
1615 2125 1660 2169 ei
1697 2139 1775 2170 re-

268 2210 465 2275 spondi,
500 2209 591 2256 sed
625 2209 690 2256 ad
723 2208 936 2256 fratrem
970 2209 1214 2274 Alypium
1247 2211 1410 2275 gradu
1444 2215 1774 2260 concitatiore

267 2302 470 2364 perrexi
497 2302 645 2362 eique
672 2298 795 2361 quid
819 2299 1024 2355 dixerit,
1043 2299 1163 2346 dixi.
1232 2300 1305 2346 At
1322 2299 1424 2357 ille,
1444 2307 1502 2347 ut
1521 2304 1774 2358 existimo,

274 2390 505 2437 devitans
536 2404 600 2434 ne
638 2387 760 2450 quid
789 2404 843 2434 se
864 2395 1070 2435 auctore
1097 2387 1262 2444 fieret,
1282 2389 1418 2436 unde
1443 2406 1529 2436 vos
1553 2391 1774 2453 putabat

270 2477 456 2525 offendi
477 2494 487 2523 :
519 2475 548 2491 “
571 2476 702 2522 Hinc
727 2475 863 2532 me,''
882 2480 1066 2541 inquit,
1086 2476 1113 2492 “
1134 2494 1284 2524 nemo
1309 2478 1592 2526 consulat.''
1659 2480 1774 2540 Quo

277 2563 370 2603 228
