1866 2964
759 199 850 247 ST.
889 199 1297 247 AUGUSTINE

275 340 541 379 venturam
572 333 635 379 de
667 331 866 379 surculo
897 333 963 379 ad
991 333 1209 379 trabem.
1278 332 1456 379 Audet
1485 334 1676 395 quippe
1707 334 1782 377 in-

270 402 527 464 pudenter
554 404 712 447 etiam
738 417 964 447 crescere
992 403 1158 456 citius,
1186 417 1341 464 quam
1367 406 1596 463 putatur.
1666 399 1782 446 Non

271 472 408 515 enim
435 470 690 516 erubescit
719 471 772 514 in
802 468 1049 524 tenebris,
1075 485 1191 515 cum
1221 484 1374 531 super
1405 484 1520 515 eam
1551 466 1625 514 sol
1655 470 1782 514 occi-

270 538 420 584 derit.
489 536 686 583 Recolis
708 543 867 592 certe,
889 553 989 599 qua
1010 553 1131 583 cura
1152 543 1206 583 et
1227 543 1423 599 quanta
1443 534 1781 582 sollicitudine

267 608 367 652 ista
386 607 689 667 scripserim,
708 607 748 651 si
767 604 944 651 recolis
971 605 1094 668 quid
1117 621 1320 651 mecum
1345 620 1509 667 nuper
1525 606 1579 649 in
1595 606 1780 650 itinere

269 674 492 736 quodam
514 672 714 719 locutus
738 675 819 719 sis.

219 749 242 788 3
333 742 566 787 Fratrem
599 740 844 787 Severum
877 747 931 786 et
964 742 1051 803 qui
1083 757 1199 786 cum
1233 756 1293 786 eo
1326 745 1446 786 sunt
1478 737 1777 785 salutamus.

266 809 439 855 Etiam
460 812 580 871 ipsis
602 807 819 855 fortasse
841 808 1196 864 scriberemus,
1218 811 1258 854 si
1280 824 1373 870 per
1393 805 1779 870 festinationem

265 876 533 938 perlatoris
579 876 773 923 liceret.
844 875 973 923 Peto
1022 883 1216 932 autem,
1263 882 1323 922 ut
1371 875 1509 938 apud
1557 875 1779 922 eundem

264 943 478 991 fratrem
502 952 733 991 nostrum
757 944 1036 1000 Victorem,
1060 946 1141 991 cui
1166 960 1263 1007 ago
1289 945 1448 990 etiam
1473 942 1612 1006 apud
1634 949 1779 989 tuam

264 1016 596 1060 sanctitatem
637 1015 848 1076 gratias,
888 1012 1026 1075 quod
1073 1011 1467 1058 Constantinam
1505 1027 1622 1057 cum
1663 1027 1778 1073 per-

262 1088 412 1144 geret
446 1082 707 1136 indicavit,
732 1081 961 1143 petendo
999 1080 1225 1135 adiuves,
1259 1086 1475 1142 propter
1509 1081 1778 1142 negotium

264 1150 401 1212 quod
428 1152 537 1211 ipse
566 1152 726 1204 novit,
755 1149 819 1195 de
850 1165 950 1211 quo
983 1151 1338 1211 gravissimum
1365 1147 1565 1210 pondus
1593 1163 1685 1209 pro
1715 1162 1778 1192 ea

263 1234 317 1263 re
352 1216 573 1263 multum
608 1217 933 1279 deprecantis
969 1216 1196 1262 Nectarii
1229 1218 1433 1261 maioris
1467 1217 1653 1277 patior,
1686 1230 1780 1276 per

264 1284 525 1331 Calamam
561 1301 792 1331 remeare
830 1301 895 1331 ne
931 1291 1211 1348 gravetur3
1265 1286 1335 1333 sic
1373 1285 1509 1329 enim
1544 1285 1778 1345 promisit

263 1352 402 1400 mihi.
471 1352 613 1399 Vale.

756 1462 850 1510 No.
881 1468 940 1509 14
965 1462 1081 1526 (Ep.
1107 1461 1280 1525 XLII)

264 1571 539 1613 DOMINIS
577 1570 1051 1613 LAUDABILIBUS
1084 1570 1151 1611 IN
1187 1569 1457 1611 CHRISTO
1497 1568 1778 1610 SANCTIS·

383 1636 556 1678 SIMIS
598 1635 952 1677 FRATRIBUS
989 1634 1272 1677 PAULINO
1305 1635 1382 1675 ET
1415 1632 1774 1675 THERASIAE

383 1700 792 1743 AUGUSTINUS
816 1701 883 1742 IN
915 1699 1175 1742 DOMINO
1207 1699 1506 1741 SALUTEM

324 1810 461 1856 Num
501 1813 658 1857 etiam
695 1808 791 1856 hoc
828 1812 1021 1872 sperari
1059 1815 1149 1855 aut
1187 1810 1450 1871 expectari
1486 1814 1680 1871 posset,
1716 1814 1776 1854 ut

324 1936 342 1953 α
380 1929 449 1982 Cf.
474 1929 589 1981 Eph.
614 1931 670 1970 iv.
692 1932 763 1969 26.

326 1984 340 2007 ²²
376 1984 602 2035 Probably
633 1984 709 2025 the
743 1983 932 2025 Severus
965 1982 1065 2023 who
1099 1982 1283 2023 became
1315 1981 1476 2034 bishop
1509 1982 1561 2022 of
1592 1980 1772 2023 Milevis

266 2039 404 2079 about
418 2054 512 2079 A.D.
528 2042 626 2079 400.
688 2038 760 2079 He
773 2052 862 2078 was
880 2038 992 2078 born
1012 2039 1055 2078 in
1073 2037 1148 2078 the
1165 2050 1288 2077 same
1303 2041 1424 2077 town
1441 2049 1490 2077 as
1503 2036 1772 2088 Augustine,

265 2094 354 2134 and
379 2107 468 2133 was
492 2108 517 2133 a
542 2092 740 2134 member
763 2094 813 2133 of
830 2093 906 2133 the
928 2105 1051 2132 same
1074 2093 1292 2132 monastic
1313 2093 1609 2142 community,
1632 2090 1722 2131 and
1745 2105 1773 2130 a

264 2147 467 2201 life-long
482 2147 642 2188 friend.
705 2147 776 2188 He
793 2149 828 2187 is
846 2146 1100 2187 mentioned
1117 2146 1228 2187 later
1245 2148 1289 2186 in
1307 2146 1416 2186 Nos.
1433 2148 1505 2193 22,
1521 2148 1576 2185 ,⁶25
1594 2144 1683 2186 and
1699 2147 1771 2193 29,

265 2202 355 2243 and
377 2201 599 2254 probably
620 2201 723 2242 died
745 2201 884 2242 about
905 2204 1003 2241 4926.
1177 2207 1191 2225 ⁰
1223 2199 1305 2241 See
1327 2204 1429 2240 note
1450 2214 1477 2240 a
1497 2213 1554 2240 on
1575 2213 1619 2252 p.
1641 2202 1710 2240 98.

322 2257 340 2281 ‘²
374 2257 456 2298 See
479 2257 564 2297 No.
586 2259 642 2296 24-
662 2257 801 2308 infra,
820 2270 863 2308 p.
887 2259 965 2296 150
987 2260 1089 2296 note
1110 2270 1150 2296 α.
1213 2253 1399 2296 Calama
1417 2253 1493 2306 lay
1512 2253 1651 2295 about
1671 2253 1771 2306 fifty

265 2311 390 2352 miles
423 2313 540 2352 from
572 2311 756 2363 Hipp03
796 2313 829 2351 it
858 2323 948 2350 was
978 2324 1035 2350 an
1066 2308 1140 2350 old
1171 2309 1312 2350 Punic
1346 2313 1481 2356 town,
1518 2307 1661 2349 under
1694 2308 1770 2349 the

264 2379 397 2407 name
421 2365 616 2413 Malaca,
633 2365 723 2405 and
743 2378 833 2406 was
856 2364 967 2405 later
987 2378 1014 2404 a
1036 2364 1213 2404 Roman
1234 2363 1409 2416 colony.
1469 2363 1564 2404 The
1584 2362 1769 2404 modern

265 2434 397 2461 name
418 2422 452 2460 is
474 2419 679 2460 Guelma.

320 2480 334 2498 ⁶
370 2473 582 2515 Paulinus
602 2476 652 2521 is,
672 2474 788 2514 after
808 2471 1091 2520 Prudentius,
1111 2472 1187 2514 the
1207 2476 1323 2512 most
1343 2470 1521 2512 notable
1542 2470 1766 2512 Christian

264 2528 397 2569 Latin
431 2533 536 2581 poet
567 2529 618 2569 of
644 2528 720 2569 the
753 2529 954 2580 patristic
989 2541 1086 2579 age.
1150 2526 1332 2579 Sprung
1363 2527 1481 2566 from
1514 2539 1541 2566 a
1574 2525 1769 2577 wealthy
1808 2529 1813 2534 ’

262 2584 480 2636 patrician
504 2581 663 2635 family
687 2585 731 2623 in
757 2583 1018 2635 Aquitania,
1044 2581 1100 2623 he
1123 2579 1376 2622 renounced
1400 2579 1476 2622 the
1499 2579 1638 2622 world
1661 2579 1768 2628 and,

277 2654 366 2695 108
