<?xml version="1.0" encoding="UTF-8"?>
<!DOCTYPE html PUBLIC "-//W3C//DTD XHTML 1.0 Transitional//EN"
    "http://www.w3.org/TR/xhtml1/DTD/xhtml1-transitional.dtd">
<html xmlns="http://www.w3.org/1999/xhtml" xml:lang="en" lang="en">
 <head>
  <title>
</title>
<meta http-equiv="Content-Type" content="text/html;charset=utf-8" />
  <meta name='ocr-system' content='tesseract 3.04.00' />
  <meta name='ocr-capabilities' content='ocr_page ocr_carea ocr_par ocr_line ocrx_word'/>
</head>
<body>
  <div class='ocr_page' id='page_1' title='image "./selectletters00auguuoft_0104.png"; bbox 0 0 1866 2964; ppageno 0'>
   <div class='ocr_carea' id='block_1_1' title="bbox 267 617 293 654">
    <p class='ocr_par' dir='ltr' id='par_1_1' title="bbox 267 617 293 654">
     <span class='ocr_line' id='line_1_1' title="bbox 267 617 293 654; baseline 0 0"><span class='ocrx_word' id='word_1_1' title='bbox 267 617 293 654; x_wconf 91' lang='lat'>4</span> 
     </span>
    </p>
   </div>
   <div class='ocr_carea' id='block_1_2' title="bbox 274 2488 298 2525">
    <p class='ocr_par' dir='ltr' id='par_1_2' title="bbox 274 2488 298 2525">
     <span class='ocr_line' id='line_1_2' title="bbox 274 2488 298 2525; baseline 0 0"><span class='ocrx_word' id='word_1_2' title='bbox 274 2488 298 2525; x_wconf 85' lang='lat'>5</span> 
     </span>
    </p>
   </div>
   <div class='ocr_carea' id='block_1_3' title="bbox 802 161 1340 209">
    <p class='ocr_par' dir='ltr' id='par_1_3' title="bbox 802 161 1340 209">
     <span class='ocr_line' id='line_1_3' title="bbox 802 161 1340 209; baseline -0.002 0"><span class='ocrx_word' id='word_1_3' title='bbox 802 162 893 209; x_wconf 90' lang='lat' dir='ltr'>ST.</span> <span class='ocrx_word' id='word_1_4' title='bbox 932 161 1340 209; x_wconf 83' lang='lat' dir='ltr'>AUGUSTINE</span> 
     </span>
    </p>
   </div>
   <div class='ocr_carea' id='block_1_4' title="bbox 313 294 1833 2542">
    <p class='ocr_par' dir='ltr' id='par_1_4' title="bbox 313 294 1828 592">
     <span class='ocr_line' id='line_1_4' title="bbox 317 294 1826 350; baseline -0.001 -9"><span class='ocrx_word' id='word_1_5' title='bbox 317 294 434 341; x_wconf 86' lang='lat' dir='ltr'>locis</span> <span class='ocrx_word' id='word_1_6' title='bbox 464 302 918 350; x_wconf 84' lang='lat' dir='ltr'>sacramentorum,</span> <span class='ocrx_word' id='word_1_7' title='bbox 948 295 1012 341; x_wconf 92' lang='lat' dir='ltr'>de</span> <span class='ocrx_word' id='word_1_8' title='bbox 1043 295 1276 341; x_wconf 82' lang='lat' dir='ltr'>domibus</span> <span class='ocrx_word' id='word_1_9' title='bbox 1305 298 1592 341; x_wconf 89' lang='lat' dir='ltr'>orationum</span> <span class='ocrx_word' id='word_1_10' title='bbox 1621 301 1826 341; x_wconf 88' lang='lat' dir='ltr'>tantum</span> 
     </span>
     <span class='ocr_line' id='line_1_5' title="bbox 315 372 1828 436; baseline -0.001 -16"><span class='ocrx_word' id='word_1_11' title='bbox 315 373 538 420; x_wconf 79' lang='lat' dir='ltr'>dedecus</span> <span class='ocrx_word' id='word_1_12' title='bbox 565 379 813 419; x_wconf 78' lang='lat' dir='ltr'>arceatur.</span> <span class='ocrx_word' id='word_1_13' title='bbox 883 372 1008 430; x_wconf 81' lang='lat' dir='ltr'>Quis</span> <span class='ocrx_word' id='word_1_14' title='bbox 1033 375 1168 418; x_wconf 89' lang='lat' dir='ltr'>enim</span> <span class='ocrx_word' id='word_1_15' title='bbox 1191 373 1349 419; x_wconf 88' lang='lat' dir='ltr'>audet</span> <span class='ocrx_word' id='word_1_16' title='bbox 1370 380 1546 419; x_wconf 87' lang='lat' dir='ltr'>vetare</span> <span class='ocrx_word' id='word_1_17' title='bbox 1570 376 1828 436; x_wconf 84' lang='lat' dir='ltr'>privatim,</span> 
     </span>
     <span class='ocr_line' id='line_1_6' title="bbox 313 449 1828 514; baseline -0.001 -17"><span class='ocrx_word' id='word_1_18' title='bbox 313 451 451 514; x_wconf 88' lang='lat' dir='ltr'>quod</span> <span class='ocrx_word' id='word_1_19' title='bbox 486 468 600 496; x_wconf 90' lang='lat' dir='ltr'>cum</span> <span class='ocrx_word' id='word_1_20' title='bbox 637 449 998 513; x_wconf 75' lang='lat' dir='ltr'>frequentatur</span> <span class='ocrx_word' id='word_1_21' title='bbox 1033 454 1085 496; x_wconf 93' lang='lat' dir='ltr'>in</span> <span class='ocrx_word' id='word_1_22' title='bbox 1121 454 1308 496; x_wconf 87' lang='lat' dir='ltr'>sanctis</span> <span class='ocrx_word' id='word_1_23' title='bbox 1342 451 1480 507; x_wconf 85' lang='lat' dir='ltr'>locis,</span> <span class='ocrx_word' id='word_1_24' title='bbox 1504 450 1665 497; x_wconf 87' lang='lat' dir='ltr'>honor</span> <span class='ocrx_word' id='word_1_25' title='bbox 1696 467 1828 506; x_wconf 84' lang='lat' dir='ltr'>mar-</span> 
     </span>
     <span class='ocr_line' id='line_1_7' title="bbox 313 528 842 592; baseline -0.002 -17"><span class='ocrx_word' id='word_1_26' title='bbox 313 536 485 592; x_wconf 88' lang='lat' dir='ltr'>tyrum</span> <span class='ocrx_word' id='word_1_27' title='bbox 508 531 802 575; x_wconf 89' lang='lat' dir='ltr'>nominatur</span> <span class='ocrx_word' id='word_1_28' title='bbox 824 528 842 574; x_wconf 87' lang='lat'>?</span> 
     </span>
    </p>

    <p class='ocr_par' dir='ltr' id='par_1_5' title="bbox 316 592 1833 2463">
     <span class='ocr_line' id='line_1_8' title="bbox 382 592 1828 669; baseline 0 -17"><span class='ocrx_word' id='word_1_29' title='bbox 382 606 525 653; x_wconf 90' lang='lat' dir='ltr'>Haec</span> <span class='ocrx_word' id='word_1_30' title='bbox 556 609 595 652; x_wconf 90' lang='lat' dir='ltr'>si</span> <span class='ocrx_word' id='word_1_31' title='bbox 624 609 789 669; x_wconf 90' lang='lat' dir='ltr'>prima</span> <span class='ocrx_word' id='word_1_32' title='bbox 819 604 991 652; x_wconf 87' lang='lat' dir='ltr'>Africa</span> <span class='ocrx_word' id='word_1_33' title='bbox 1022 613 1306 668; x_wconf 87' lang='lat' dir='ltr'>temptaret</span> <span class='ocrx_word' id='word_1_34' title='bbox 1337 605 1556 663; x_wconf 88' lang='lat' dir='ltr'>auferre,</span> <span class='ocrx_word' id='word_1_35' title='bbox 1587 623 1614 652; x_wconf 88' lang='lat' dir='ltr'>a</span> <span class='ocrx_word' id='word_1_36' title='bbox 1645 592 1828 653; x_wconf 83' lang='lat' dir='ltr'>ceteris</span> 
     </span>
     <span class='ocr_line' id='line_1_9' title="bbox 316 684 1830 747; baseline 0 -17"><span class='ocrx_word' id='word_1_37' title='bbox 316 687 464 731; x_wconf 84' lang='lat' dir='ltr'>terris</span> <span class='ocrx_word' id='word_1_38' title='bbox 500 687 788 730; x_wconf 85' lang='lat' dir='ltr'>imitatione</span> <span class='ocrx_word' id='word_1_39' title='bbox 826 684 981 747; x_wconf 88' lang='lat' dir='ltr'>digna</span> <span class='ocrx_word' id='word_1_40' title='bbox 1017 700 1127 730; x_wconf 87' lang='lat' dir='ltr'>esse</span> <span class='ocrx_word' id='word_1_41' title='bbox 1165 684 1416 740; x_wconf 89' lang='lat' dir='ltr'>deberet;</span> <span class='ocrx_word' id='word_1_42' title='bbox 1469 702 1584 731; x_wconf 91' lang='lat' dir='ltr'>cum</span> <span class='ocrx_word' id='word_1_43' title='bbox 1619 701 1739 732; x_wconf 90' lang='lat' dir='ltr'>vero</span> <span class='ocrx_word' id='word_1_44' title='bbox 1776 691 1830 730; x_wconf 89' lang='lat' dir='ltr'>et</span> 
     </span>
     <span class='ocr_line' id='line_1_10' title="bbox 317 761 1831 825; baseline 0 -17"><span class='ocrx_word' id='word_1_45' title='bbox 317 779 408 825; x_wconf 91' lang='lat' dir='ltr'>per</span> <span class='ocrx_word' id='word_1_46' title='bbox 436 761 618 808; x_wconf 88' lang='lat' dir='ltr'>Italiae</span> <span class='ocrx_word' id='word_1_47' title='bbox 647 765 924 807; x_wconf 81' lang='lat' dir='ltr'>maximam</span> <span class='ocrx_word' id='word_1_48' title='bbox 951 769 1153 824; x_wconf 86' lang='lat' dir='ltr'>partem</span> <span class='ocrx_word' id='word_1_49' title='bbox 1183 769 1236 808; x_wconf 89' lang='lat' dir='ltr'>et</span> <span class='ocrx_word' id='word_1_50' title='bbox 1262 765 1314 808; x_wconf 91' lang='lat' dir='ltr'>in</span> <span class='ocrx_word' id='word_1_51' title='bbox 1343 762 1450 809; x_wconf 90' lang='lat' dir='ltr'>aliis</span> <span class='ocrx_word' id='word_1_52' title='bbox 1478 763 1711 809; x_wconf 90' lang='lat' dir='ltr'>omnibus</span> <span class='ocrx_word' id='word_1_53' title='bbox 1740 769 1831 808; x_wconf 75' lang='lat' dir='ltr'>aut,</span> 
     </span>
     <span class='ocr_line' id='line_1_11' title="bbox 317 840 1832 903; baseline 0 -17"><span class='ocrx_word' id='word_1_54' title='bbox 317 857 475 903; x_wconf 88' lang='lat' dir='ltr'>prope</span> <span class='ocrx_word' id='word_1_55' title='bbox 521 840 754 886; x_wconf 89' lang='lat' dir='ltr'>omnibus</span> <span class='ocrx_word' id='word_1_56' title='bbox 799 843 1149 885; x_wconf 77' lang='lat' dir='ltr'>transmarinis</span> <span class='ocrx_word' id='word_1_57' title='bbox 1194 840 1435 896; x_wconf 84' lang='lat' dir='ltr'>ecclesiis,</span> <span class='ocrx_word' id='word_1_58' title='bbox 1477 844 1666 903; x_wconf 89' lang='lat' dir='ltr'>partim</span> <span class='ocrx_word' id='word_1_59' title='bbox 1711 842 1832 903; x_wconf 88' lang='lat' dir='ltr'>quia</span> 
     </span>
     <span class='ocr_line' id='line_1_12' title="bbox 317 916 1830 982; baseline -0.001 -18"><span class='ocrx_word' id='word_1_60' title='bbox 317 935 597 982; x_wconf 91' lang='lat' dir='ltr'>numquam</span> <span class='ocrx_word' id='word_1_61' title='bbox 635 916 775 963; x_wconf 88' lang='lat' dir='ltr'>facta</span> <span class='ocrx_word' id='word_1_62' title='bbox 812 924 950 973; x_wconf 82' lang='lat' dir='ltr'>sunt,</span> <span class='ocrx_word' id='word_1_63' title='bbox 987 921 1175 980; x_wconf 87' lang='lat' dir='ltr'>partim</span> <span class='ocrx_word' id='word_1_64' title='bbox 1215 921 1334 981; x_wconf 89' lang='lat' dir='ltr'>quia</span> <span class='ocrx_word' id='word_1_65' title='bbox 1371 918 1452 964; x_wconf 81' lang='lat' dir='ltr'>vel</span> <span class='ocrx_word' id='word_1_66' title='bbox 1489 925 1602 965; x_wconf 92' lang='lat' dir='ltr'>orta</span> <span class='ocrx_word' id='word_1_67' title='bbox 1639 917 1721 964; x_wconf 88' lang='lat' dir='ltr'>vel</span> <span class='ocrx_word' id='word_1_68' title='bbox 1756 921 1830 964; x_wconf 91' lang='lat' dir='ltr'>in-</span> 
     </span>
     <span class='ocr_line' id='line_1_13' title="bbox 317 995 1830 1060; baseline -0.001 -19"><span class='ocrx_word' id='word_1_69' title='bbox 317 1003 551 1043; x_wconf 68' lang='lat' dir='ltr'>veterata</span> <span class='ocrx_word' id='word_1_70' title='bbox 574 1002 865 1041; x_wconf 88' lang='lat' dir='ltr'>sanctorum</span> <span class='ocrx_word' id='word_1_71' title='bbox 886 1002 939 1041; x_wconf 88' lang='lat' dir='ltr'>et</span> <span class='ocrx_word' id='word_1_72' title='bbox 957 1012 1075 1041; x_wconf 78' lang='lat' dir='ltr'>vere</span> <span class='ocrx_word' id='word_1_73' title='bbox 1095 996 1159 1042; x_wconf 91' lang='lat' dir='ltr'>de</span> <span class='ocrx_word' id='word_1_74' title='bbox 1178 999 1282 1042; x_wconf 74' lang='lat' dir='ltr'>vita</span> <span class='ocrx_word' id='word_1_75' title='bbox 1301 995 1475 1042; x_wconf 86' lang='lat' dir='ltr'>futura</span> <span class='ocrx_word' id='word_1_76' title='bbox 1492 999 1830 1060; x_wconf 86' lang='lat' dir='ltr'>cogitantium</span> 
     </span>
     <span class='ocr_line' id='line_1_14' title="bbox 317 1072 1831 1136; baseline -0.001 -16"><span class='ocrx_word' id='word_1_77' title='bbox 317 1077 669 1136; x_wconf 87' lang='lat' dir='ltr'>episcoporum</span> <span class='ocrx_word' id='word_1_78' title='bbox 717 1072 985 1136; x_wconf 82' lang='lat' dir='ltr'>diligentia</span> <span class='ocrx_word' id='word_1_79' title='bbox 1027 1081 1081 1119; x_wconf 88' lang='lat' dir='ltr'>et</span> <span class='ocrx_word' id='word_1_80' title='bbox 1123 1075 1559 1121; x_wconf 85' lang='lat' dir='ltr'>animadversione</span> <span class='ocrx_word' id='word_1_81' title='bbox 1601 1078 1831 1121; x_wconf 85' lang='lat' dir='ltr'>extincta</span> 
     </span>
     <span class='ocr_line' id='line_1_15' title="bbox 317 1151 1831 1216; baseline 0.001 -19"><span class='ocrx_word' id='word_1_82' title='bbox 317 1160 474 1215; x_wconf 87' lang='lat' dir='ltr'>atque</span> <span class='ocrx_word' id='word_1_83' title='bbox 519 1151 691 1198; x_wconf 87' lang='lat' dir='ltr'>deleta</span> <span class='ocrx_word' id='word_1_84' title='bbox 734 1158 871 1206; x_wconf 86' lang='lat' dir='ltr'>sunt,</span> <span class='ocrx_word' id='word_1_85' title='bbox 920 1187 929 1197; x_wconf 89' lang='lat'><strong>.</strong></span> <span class='ocrx_word' id='word_1_86' title='bbox 983 1188 993 1198; x_wconf 87' lang='lat'><strong>.</strong></span> <span class='ocrx_word' id='word_1_87' title='bbox 1046 1188 1055 1198; x_wconf 93' lang='lat'><em>.</em></span> <span class='ocrx_word' id='word_1_88' title='bbox 1104 1152 1340 1198; x_wconf 91' lang='lat' dir='ltr'>dubitare</span> <span class='ocrx_word' id='word_1_89' title='bbox 1383 1169 1484 1216; x_wconf 90' lang='lat' dir='ltr'>quo</span> <span class='ocrx_word' id='word_1_90' title='bbox 1525 1153 1677 1199; x_wconf 89' lang='lat' dir='ltr'>modo</span> <span class='ocrx_word' id='word_1_91' title='bbox 1717 1169 1831 1215; x_wconf 91' lang='lat' dir='ltr'>pos-</span> 
     </span>
     <span class='ocr_line' id='line_1_16' title="bbox 317 1228 1831 1294; baseline -0.001 -19"><span class='ocrx_word' id='word_1_92' title='bbox 317 1247 489 1276; x_wconf 88' lang='lat' dir='ltr'>sumus</span> <span class='ocrx_word' id='word_1_93' title='bbox 548 1236 750 1275; x_wconf 86' lang='lat' dir='ltr'>tantam</span> <span class='ocrx_word' id='word_1_94' title='bbox 802 1246 1001 1274; x_wconf 88' lang='lat' dir='ltr'>morum</span> <span class='ocrx_word' id='word_1_95' title='bbox 1054 1228 1223 1275; x_wconf 86' lang='lat' dir='ltr'>labem</span> <span class='ocrx_word' id='word_1_96' title='bbox 1276 1230 1358 1276; x_wconf 88' lang='lat' dir='ltr'>vel</span> <span class='ocrx_word' id='word_1_97' title='bbox 1407 1234 1667 1294; x_wconf 90' lang='lat' dir='ltr'>proposito</span> <span class='ocrx_word' id='word_1_98' title='bbox 1722 1237 1831 1276; x_wconf 88' lang='lat' dir='ltr'>tam</span> 
     </span>
     <span class='ocr_line' id='line_1_17' title="bbox 316 1306 1831 1371; baseline 0 -18"><span class='ocrx_word' id='word_1_99' title='bbox 316 1307 421 1354; x_wconf 90' lang='lat' dir='ltr'>lato</span> <span class='ocrx_word' id='word_1_100' title='bbox 465 1306 701 1369; x_wconf 78' lang='lat' dir='ltr'>exemplo</span> <span class='ocrx_word' id='word_1_101' title='bbox 744 1307 1061 1353; x_wconf 82' lang='lat' dir='ltr'>emendare?</span> <span class='ocrx_word' id='word_1_102' title='bbox 1143 1308 1212 1354; x_wconf 88' lang='lat' dir='ltr'>Et</span> <span class='ocrx_word' id='word_1_103' title='bbox 1253 1325 1344 1354; x_wconf 89' lang='lat' dir='ltr'>nos</span> <span class='ocrx_word' id='word_1_104' title='bbox 1385 1309 1593 1371; x_wconf 90' lang='lat' dir='ltr'>quidem</span> <span class='ocrx_word' id='word_1_105' title='bbox 1631 1307 1831 1354; x_wconf 86' lang='lat' dir='ltr'>illarum</span> 
     </span>
     <span class='ocr_line' id='line_1_18' title="bbox 316 1383 1832 1450; baseline 0.001 -19"><span class='ocrx_word' id='word_1_106' title='bbox 316 1389 540 1448; x_wconf 88' lang='lat' dir='ltr'>partium</span> <span class='ocrx_word' id='word_1_107' title='bbox 565 1384 823 1431; x_wconf 83' lang='lat' dir='ltr'>hominem</span> <span class='ocrx_word' id='word_1_108' title='bbox 849 1383 1097 1431; x_wconf 90' lang='lat' dir='ltr'>habemus</span> <span class='ocrx_word' id='word_1_109' title='bbox 1124 1389 1435 1449; x_wconf 85' lang='lat' dir='ltr'>episcopum,</span> <span class='ocrx_word' id='word_1_110' title='bbox 1459 1387 1595 1433; x_wconf 87' lang='lat' dir='ltr'>unde</span> <span class='ocrx_word' id='word_1_111' title='bbox 1619 1403 1832 1450; x_wconf 89' lang='lat' dir='ltr'>magnas</span> 
     </span>
     <span class='ocr_line' id='line_1_19' title="bbox 317 1462 1831 1527; baseline 0.001 -17"><span class='ocrx_word' id='word_1_112' title='bbox 317 1464 414 1510; x_wconf 91' lang='lat' dir='ltr'>deo</span> <span class='ocrx_word' id='word_1_113' title='bbox 470 1466 666 1526; x_wconf 81' lang='lat' dir='ltr'>agimus</span> <span class='ocrx_word' id='word_1_114' title='bbox 721 1466 928 1526; x_wconf 82' lang='lat' dir='ltr'>gratias.</span> <span class='ocrx_word' id='word_1_115' title='bbox 1016 1462 1341 1527; x_wconf 81' lang='lat' dir='ltr'>Quamquam</span> <span class='ocrx_word' id='word_1_116' title='bbox 1392 1468 1498 1511; x_wconf 92' lang='lat' dir='ltr'>eius</span> <span class='ocrx_word' id='word_1_117' title='bbox 1546 1465 1831 1512; x_wconf 86' lang='lat' dir='ltr'>modestiae</span> 
     </span>
     <span class='ocr_line' id='line_1_20' title="bbox 317 1540 1833 1605; baseline 0.001 -18"><span class='ocrx_word' id='word_1_118' title='bbox 317 1549 474 1604; x_wconf 89' lang='lat' dir='ltr'>atque</span> <span class='ocrx_word' id='word_1_119' title='bbox 535 1540 762 1586; x_wconf 85' lang='lat' dir='ltr'>lenitatis</span> <span class='ocrx_word' id='word_1_120' title='bbox 820 1547 916 1596; x_wconf 85' lang='lat' dir='ltr'>est,</span> <span class='ocrx_word' id='word_1_121' title='bbox 974 1544 1081 1586; x_wconf 89' lang='lat' dir='ltr'>eius</span> <span class='ocrx_word' id='word_1_122' title='bbox 1138 1542 1360 1605; x_wconf 91' lang='lat' dir='ltr'>denique</span> <span class='ocrx_word' id='word_1_123' title='bbox 1415 1543 1721 1605; x_wconf 88' lang='lat' dir='ltr'>prudentiae</span> <span class='ocrx_word' id='word_1_124' title='bbox 1779 1550 1833 1588; x_wconf 88' lang='lat' dir='ltr'>et</span> 
     </span>
     <span class='ocr_line' id='line_1_21' title="bbox 317 1618 1832 1687; baseline 0.001 -21"><span class='ocrx_word' id='word_1_125' title='bbox 317 1619 666 1666; x_wconf 86' lang='lat' dir='ltr'>sollicitudinis</span> <span class='ocrx_word' id='word_1_126' title='bbox 714 1622 767 1663; x_wconf 90' lang='lat' dir='ltr'>in</span> <span class='ocrx_word' id='word_1_127' title='bbox 815 1618 1037 1674; x_wconf 87' lang='lat' dir='ltr'>domino,</span> <span class='ocrx_word' id='word_1_128' title='bbox 1085 1626 1161 1675; x_wconf 88' lang='lat' dir='ltr'>ut,</span> <span class='ocrx_word' id='word_1_129' title='bbox 1210 1623 1367 1666; x_wconf 88' lang='lat' dir='ltr'>etiam</span> <span class='ocrx_word' id='word_1_130' title='bbox 1415 1624 1456 1667; x_wconf 90' lang='lat' dir='ltr'>si</span> <span class='ocrx_word' id='word_1_131' title='bbox 1503 1620 1630 1668; x_wconf 90' lang='lat' dir='ltr'>Afer</span> <span class='ocrx_word' id='word_1_132' title='bbox 1678 1628 1832 1687; x_wconf 83' lang='lat' dir='ltr'>esset,</span> 
     </span>
     <span class='ocr_line' id='line_1_22' title="bbox 318 1697 1832 1763; baseline 0.001 -19"><span class='ocrx_word' id='word_1_133' title='bbox 318 1701 419 1744; x_wconf 84' lang='lat' dir='ltr'>cito</span> <span class='ocrx_word' id='word_1_134' title='bbox 450 1697 520 1742; x_wconf 93' lang='lat' dir='ltr'>illi</span> <span class='ocrx_word' id='word_1_135' title='bbox 552 1697 615 1743; x_wconf 91' lang='lat' dir='ltr'>de</span> <span class='ocrx_word' id='word_1_136' title='bbox 648 1700 907 1759; x_wconf 84' lang='lat' dir='ltr'>scripturis</span> <span class='ocrx_word' id='word_1_137' title='bbox 937 1698 1336 1759; x_wconf 88' lang='lat' dir='ltr'>persuaderetur</span> <span class='ocrx_word' id='word_1_138' title='bbox 1365 1700 1664 1755; x_wconf 85' lang='lat' dir='ltr'>curandum,</span> <span class='ocrx_word' id='word_1_139' title='bbox 1695 1700 1832 1763; x_wconf 91' lang='lat' dir='ltr'>quod</span> 
     </span>
     <span class='ocr_line' id='line_1_23' title="bbox 319 1774 1833 1834; baseline 0.001 -12"><span class='ocrx_word' id='word_1_140' title='bbox 319 1775 583 1822; x_wconf 90' lang='lat' dir='ltr'>licentiosa</span> <span class='ocrx_word' id='word_1_141' title='bbox 619 1782 672 1821; x_wconf 89' lang='lat' dir='ltr'>et</span> <span class='ocrx_word' id='word_1_142' title='bbox 705 1774 838 1821; x_wconf 89' lang='lat' dir='ltr'>male</span> <span class='ocrx_word' id='word_1_143' title='bbox 873 1774 1033 1821; x_wconf 89' lang='lat' dir='ltr'>libera</span> <span class='ocrx_word' id='word_1_144' title='bbox 1067 1778 1383 1824; x_wconf 89' lang='lat' dir='ltr'>consuetudo</span> <span class='ocrx_word' id='word_1_145' title='bbox 1417 1777 1596 1824; x_wconf 82' lang='lat' dir='ltr'>vulnus</span> <span class='ocrx_word' id='word_1_146' title='bbox 1629 1777 1833 1834; x_wconf 84' lang='lat' dir='ltr'>inflixit,</span> 
     </span>
     <span class='ocr_line' id='line_1_24' title="bbox 321 1852 1832 1919; baseline 0.002 -19"><span class='ocrx_word' id='word_1_147' title='bbox 321 1855 412 1901; x_wconf 88' lang='lat' dir='ltr'>sed</span> <span class='ocrx_word' id='word_1_148' title='bbox 432 1861 580 1900; x_wconf 89' lang='lat' dir='ltr'>tanta</span> <span class='ocrx_word' id='word_1_149' title='bbox 600 1852 897 1916; x_wconf 86' lang='lat' dir='ltr'>pestilentia</span> <span class='ocrx_word' id='word_1_150' title='bbox 919 1861 997 1900; x_wconf 89' lang='lat' dir='ltr'>est</span> <span class='ocrx_word' id='word_1_151' title='bbox 1019 1853 1166 1900; x_wconf 89' lang='lat' dir='ltr'>huius</span> <span class='ocrx_word' id='word_1_152' title='bbox 1188 1854 1325 1911; x_wconf 84' lang='lat' dir='ltr'>mali,</span> <span class='ocrx_word' id='word_1_153' title='bbox 1347 1863 1405 1902; x_wconf 82' lang='lat' dir='ltr'>ut</span> <span class='ocrx_word' id='word_1_154' title='bbox 1426 1859 1589 1902; x_wconf 90' lang='lat' dir='ltr'>sanari</span> <span class='ocrx_word' id='word_1_155' title='bbox 1611 1873 1832 1919; x_wconf 78' lang='lat' dir='ltr'>prorSUS,</span> 
     </span>
     <span class='ocr_line' id='line_1_25' title="bbox 321 1930 1832 1996; baseline 0.002 -18"><span class='ocrx_word' id='word_1_156' title='bbox 321 1939 573 1996; x_wconf 87' lang='lat' dir='ltr'>quantum</span> <span class='ocrx_word' id='word_1_157' title='bbox 609 1930 732 1977; x_wconf 82' lang='lat' dir='ltr'>mihi</span> <span class='ocrx_word' id='word_1_158' title='bbox 768 1932 987 1987; x_wconf 82' lang='lat' dir='ltr'>videtur,</span> <span class='ocrx_word' id='word_1_159' title='bbox 1024 1936 1118 1978; x_wconf 86' lang='lat' dir='ltr'>nisi</span> <span class='ocrx_word' id='word_1_160' title='bbox 1154 1933 1349 1979; x_wconf 88' lang='lat' dir='ltr'>concilii</span> <span class='ocrx_word' id='word_1_161' title='bbox 1385 1938 1692 1981; x_wconf 88' lang='lat' dir='ltr'>auctoritate</span> <span class='ocrx_word' id='word_1_162' title='bbox 1730 1951 1832 1980; x_wconf 91' lang='lat' dir='ltr'>non</span> 
     </span>
     <span class='ocr_line' id='line_1_26' title="bbox 320 2010 1830 2073; baseline 0.001 -16"><span class='ocrx_word' id='word_1_163' title='bbox 320 2014 498 2073; x_wconf 81' lang='lat' dir='ltr'>possit,</span> <span class='ocrx_word' id='word_1_164' title='bbox 521 2017 627 2065; x_wconf 84' lang='lat' dir='ltr'>aut,</span> <span class='ocrx_word' id='word_1_165' title='bbox 650 2013 689 2055; x_wconf 89' lang='lat' dir='ltr'>si</span> <span class='ocrx_word' id='word_1_166' title='bbox 713 2010 776 2055; x_wconf 89' lang='lat' dir='ltr'>ab</span> <span class='ocrx_word' id='word_1_167' title='bbox 799 2026 899 2055; x_wconf 88' lang='lat' dir='ltr'>una</span> <span class='ocrx_word' id='word_1_168' title='bbox 922 2010 1134 2056; x_wconf 89' lang='lat' dir='ltr'>ecclesia</span> <span class='ocrx_word' id='word_1_169' title='bbox 1154 2010 1439 2059; x_wconf 85' lang='lat' dir='ltr'>inchoanda</span> <span class='ocrx_word' id='word_1_170' title='bbox 1461 2020 1540 2059; x_wconf 90' lang='lat' dir='ltr'>est</span> <span class='ocrx_word' id='word_1_171' title='bbox 1560 2013 1830 2069; x_wconf 88' lang='lat' dir='ltr'>medicina,</span> 
     </span>
     <span class='ocr_line' id='line_1_27' title="bbox 321 2088 1831 2154; baseline 0.001 -19"><span class='ocrx_word' id='word_1_172' title='bbox 321 2093 451 2135; x_wconf 87' lang='lat' dir='ltr'>sicut</span> <span class='ocrx_word' id='word_1_173' title='bbox 484 2089 686 2135; x_wconf 89' lang='lat' dir='ltr'>videtur</span> <span class='ocrx_word' id='word_1_174' title='bbox 719 2088 962 2134; x_wconf 89' lang='lat' dir='ltr'>audaciae</span> <span class='ocrx_word' id='word_1_175' title='bbox 999 2096 1200 2135; x_wconf 90' lang='lat' dir='ltr'>mutare</span> <span class='ocrx_word' id='word_1_176' title='bbox 1238 2093 1407 2136; x_wconf 89' lang='lat' dir='ltr'>conari</span> <span class='ocrx_word' id='word_1_177' title='bbox 1444 2091 1581 2154; x_wconf 91' lang='lat' dir='ltr'>quod</span> <span class='ocrx_word' id='word_1_178' title='bbox 1618 2090 1831 2137; x_wconf 87' lang='lat' dir='ltr'>Cartha-</span> 
     </span>
     <span class='ocr_line' id='line_1_28' title="bbox 319 2165 1831 2232; baseline 0.003 -20"><span class='ocrx_word' id='word_1_179' title='bbox 319 2170 561 2231; x_wconf 81' lang='lat' dir='ltr'>giniensis</span> <span class='ocrx_word' id='word_1_180' title='bbox 596 2165 806 2212; x_wconf 91' lang='lat' dir='ltr'>ecclesia</span> <span class='ocrx_word' id='word_1_181' title='bbox 838 2173 1003 2222; x_wconf 87' lang='lat' dir='ltr'>tenet,</span> <span class='ocrx_word' id='word_1_182' title='bbox 1034 2170 1103 2213; x_wconf 88' lang='lat' dir='ltr'>sic</span> <span class='ocrx_word' id='word_1_183' title='bbox 1134 2184 1352 2232; x_wconf 89' lang='lat' dir='ltr'>magnae</span> <span class='ocrx_word' id='word_1_184' title='bbox 1384 2170 1718 2232; x_wconf 89' lang='lat' dir='ltr'>inpudentiae</span> <span class='ocrx_word' id='word_1_185' title='bbox 1753 2176 1831 2215; x_wconf 86' lang='lat' dir='ltr'>est</span> 
     </span>
     <span class='ocr_line' id='line_1_29' title="bbox 320 2244 1827 2309; baseline 0.003 -19"><span class='ocrx_word' id='word_1_186' title='bbox 320 2244 449 2291; x_wconf 90' lang='lat' dir='ltr'>velle</span> <span class='ocrx_word' id='word_1_187' title='bbox 483 2260 683 2291; x_wconf 86' lang='lat' dir='ltr'>servare</span> <span class='ocrx_word' id='word_1_188' title='bbox 721 2245 858 2307; x_wconf 90' lang='lat' dir='ltr'>quod</span> <span class='ocrx_word' id='word_1_189' title='bbox 892 2244 1326 2309; x_wconf 87' lang='lat' dir='ltr'>Carthaginiensis</span> <span class='ocrx_word' id='word_1_190' title='bbox 1354 2247 1566 2294; x_wconf 87' lang='lat' dir='ltr'>ecclesia</span> <span class='ocrx_word' id='word_1_191' title='bbox 1592 2251 1827 2294; x_wconf 86' lang='lat' dir='ltr'>correxit.</span> 
     </span>
     <span class='ocr_line' id='line_1_30' title="bbox 322 2322 1832 2388; baseline 0.002 -20"><span class='ocrx_word' id='word_1_192' title='bbox 322 2323 406 2368; x_wconf 91' lang='lat' dir='ltr'>Ad</span> <span class='ocrx_word' id='word_1_193' title='bbox 439 2322 570 2368; x_wconf 90' lang='lat' dir='ltr'>hanc</span> <span class='ocrx_word' id='word_1_194' title='bbox 607 2329 781 2368; x_wconf 89' lang='lat' dir='ltr'>autem</span> <span class='ocrx_word' id='word_1_195' title='bbox 817 2339 924 2368; x_wconf 87' lang='lat' dir='ltr'>rem</span> <span class='ocrx_word' id='word_1_196' title='bbox 962 2327 1073 2387; x_wconf 90' lang='lat' dir='ltr'>quis</span> <span class='ocrx_word' id='word_1_197' title='bbox 1110 2323 1235 2370; x_wconf 88' lang='lat' dir='ltr'>alius</span> <span class='ocrx_word' id='word_1_198' title='bbox 1272 2327 1536 2388; x_wconf 87' lang='lat' dir='ltr'>episcopus</span> <span class='ocrx_word' id='word_1_199' title='bbox 1573 2333 1709 2373; x_wconf 87' lang='lat' dir='ltr'>esset</span> <span class='ocrx_word' id='word_1_200' title='bbox 1746 2342 1832 2388; x_wconf 93' lang='lat' dir='ltr'>op-</span> 
     </span>
     <span class='ocr_line' id='line_1_31' title="bbox 322 2401 1511 2463; baseline 0.003 -16"><span class='ocrx_word' id='word_1_201' title='bbox 322 2401 527 2456; x_wconf 86' lang='lat' dir='ltr'>tandus,</span> <span class='ocrx_word' id='word_1_202' title='bbox 551 2404 645 2447; x_wconf 92' lang='lat' dir='ltr'>nisi</span> <span class='ocrx_word' id='word_1_203' title='bbox 671 2403 756 2463; x_wconf 91' lang='lat' dir='ltr'>qui</span> <span class='ocrx_word' id='word_1_204' title='bbox 782 2416 843 2446; x_wconf 88' lang='lat' dir='ltr'>ea</span> <span class='ocrx_word' id='word_1_205' title='bbox 867 2401 1107 2447; x_wconf 87' lang='lat' dir='ltr'>diaconus</span> <span class='ocrx_word' id='word_1_206' title='bbox 1133 2403 1470 2449; x_wconf 83' lang='lat' dir='ltr'>execrabatur</span> <span class='ocrx_word' id='word_1_207' title='bbox 1493 2404 1511 2450; x_wconf 85' lang='lat'>?</span> 
     </span>
    </p>

    <p class='ocr_par' dir='ltr' id='par_1_6' title="bbox 388 2478 1827 2542">
     <span class='ocr_line' id='line_1_32' title="bbox 388 2478 1827 2542; baseline 0.002 -18"><span class='ocrx_word' id='word_1_208' title='bbox 388 2478 489 2525; x_wconf 90' lang='lat' dir='ltr'>Sed</span> <span class='ocrx_word' id='word_1_209' title='bbox 523 2479 660 2542; x_wconf 91' lang='lat' dir='ltr'>quod</span> <span class='ocrx_word' id='word_1_210' title='bbox 696 2485 807 2525; x_wconf 88' lang='lat' dir='ltr'>erat</span> <span class='ocrx_word' id='word_1_211' title='bbox 841 2485 964 2525; x_wconf 88' lang='lat' dir='ltr'>tunc</span> <span class='ocrx_word' id='word_1_212' title='bbox 998 2479 1293 2537; x_wconf 88' lang='lat' dir='ltr'>dolendum,</span> <span class='ocrx_word' id='word_1_213' title='bbox 1327 2498 1460 2527; x_wconf 90' lang='lat' dir='ltr'>nunc</span> <span class='ocrx_word' id='word_1_214' title='bbox 1494 2481 1827 2529; x_wconf 87' lang='lat' dir='ltr'>auferendum</span> 
     </span>
    </p>
   </div>
   <div class='ocr_carea' id='block_1_5' title="bbox 331 2598 393 2645">
    <p class='ocr_par' dir='ltr' id='par_1_7' title="bbox 331 2598 393 2645">
     <span class='ocr_line' id='line_1_33' title="bbox 331 2598 393 2645; baseline 0 -1"><span class='ocrx_word' id='word_1_215' title='bbox 331 2598 393 2645; x_wconf 77' lang='lat'>46</span> 
     </span>
    </p>
   </div>
  </div>
 </body>
</html>
