1866 2964
759 128 850 175 ST.
889 128 1297 175 AUGUSTINE

276 265 717 310 commonitorium
768 264 1006 307 intimare
1058 263 1242 306 curavi.
1315 260 1555 323 Quisquis
1605 263 1782 324 itaque

274 343 414 389 vobis
465 344 716 388 contraria
768 339 844 386 his
899 356 1030 402 quae
1083 342 1300 394 narraxd,
1346 338 1480 386 forte
1539 343 1783 395 narravit,

277 429 365 467 aut
414 423 664 466 mentitur
714 426 803 465 aut
851 417 1058 464 fallitur.
1146 417 1414 476 Quaedam
1464 421 1599 464 enim
1649 434 1780 480 quae

274 499 398 546 mihi
448 499 513 545 ad
560 515 733 544 curam
781 514 883 543 non
923 499 1182 559 pertinere
1219 499 1325 542 visa
1370 503 1505 551 sunt,
1554 491 1782 558 praeter-

275 581 469 624 misisse
490 594 573 623 nie
593 579 777 631 sentio,
794 575 931 621 nulla
951 582 1128 621 tamen
1144 572 1270 620 falsa
1287 575 1489 622 dixisse.
1563 574 1781 621 Proinde

273 664 478 703 sanctus
509 655 638 701 filius
669 662 842 701 noster
872 653 1112 699 Pinianus
1143 653 1281 716 quod
1308 670 1392 699 me
1420 660 1694 716 praesente
1726 670 1783 699 ac

272 738 611 799 permittente
648 736 908 788 iuraverit,
941 749 1118 778 verum
1154 738 1267 786 est3
1320 732 1457 794 quod
1490 739 1666 778 autem
1698 748 1782 777 me

273 816 622 877 praecipiente
652 814 913 866 iuraverit,
943 809 1127 856 falsum
1163 817 1255 856 est.
1325 809 1431 856 Scit
1459 813 1586 872 ipse,
1617 813 1784 856 sciunt

273 895 404 938 servi
436 892 519 938 dei
549 907 674 953 quos
707 890 772 936 ad
800 906 883 935 me
908 892 1063 944 misit,
1088 892 1251 951 primo
1277 896 1480 935 sanctus
1505 887 1783 943 Barnabas,

275 970 461 1017 deinde
504 969 771 1023 Timasius,
811 985 905 1030 per
947 984 1101 1030 quern
1145 970 1303 1014 etiam
1345 967 1409 1014 de
1451 969 1782 1029 promissione

274 1051 598 1112 praesentiae
663 1063 786 1093 suae
844 1045 968 1092 mihi
1027 1046 1305 1092 mandavit..
1403 1045 1519 1108 Ipse
1579 1062 1783 1108 quoque

273 1126 490 1190 populus
525 1126 589 1172 ad
619 1125 1016 1189 presbyterium,
1048 1141 1150 1170 non
1183 1124 1248 1171 ad
1277 1127 1353 1170 ius
1384 1124 1655 1170 iurandum
1687 1123 1785 1169 cla—

273 1205 461 1251 mando
501 1205 753 1267 cogebat3
797 1203 888 1249 sed
927 1202 1156 1249 oblatum
1196 1203 1291 1249 sibi
1329 1219 1431 1248 non
1469 1205 1680 1265 respuit,
1723 1219 1784 1248 ea

275 1300 364 1346 spe
405 1300 505 1345 quo
543 1288 718 1345 posset
764 1285 818 1327 in
866 1281 1048 1328 eodem
1089 1281 1226 1344 apud
1263 1297 1352 1327 nos
1391 1280 1660 1327 habitante
1700 1298 1784 1326 vo-

273 1362 443 1408 luntas
487 1361 613 1416 fieri,
658 1377 757 1423 quo
801 1363 1115 1406 consentiret
1159 1360 1223 1406 ad
1266 1360 1657 1414 ordinationem,
1700 1376 1783 1416 ne,

273 1443 404 1486 sicut
450 1443 725 1494 iuraverat,
769 1441 808 1484 si
851 1441 1039 1484 invitus
1083 1438 1421 1493 ordinaretur,
1465 1437 1780 1484 abscederet.

275 1519 351 1564 Ac
385 1534 476 1580 per
511 1517 606 1564 hoc
641 1523 695 1563 et
728 1517 799 1562 illi
832 1524 1043 1579 propter
1077 1533 1201 1579 opus
1237 1517 1319 1563 dei
1353 1516 1784 1563 clamaverunt—

274 1613 442 1659 neque
470 1599 604 1642 enim
630 1594 964 1642 sanctificatio
988 1595 1295 1658 presbyterii
1319 1612 1421 1641 non
1447 1602 1525 1641 est
1550 1611 1675 1657 opus
1701 1594 1784 1642 dei

272 1704 337 1709 —
358 1682 428 1730 et,
462 1674 599 1737 quod
629 1680 811 1736 postea
843 1674 907 1720 de
939 1676 1185 1736 promissa
1215 1676 1508 1736 praesentia
1538 1673 1784 1737 gratulati

276 1770 377 1800 non
420 1760 557 1808 sunt,
596 1755 690 1797 nisi
734 1752 1011 1798 adderetur
1059 1752 1213 1814 quod,
1252 1755 1292 1797 si
1331 1752 1535 1814 quando
1575 1752 1641 1799 ad
1677 1769 1784 1799 sus-

275 1831 566 1894 cipiendum
602 1830 899 1876 clericatum
935 1833 1221 1876 consentire
1258 1830 1431 1886 vellet,
1466 1847 1567 1877 non
1603 1834 1697 1877 nisi
1732 1834 1784 1877 in

275 1910 613 1972 Hipponiensi
657 1908 869 1955 ecclesia
912 1912 1242 1964 consentiret,
1285 1912 1406 1954 satis
1449 1911 1501 1954 in
1542 1917 1783 1972 promptu

277 1995 355 2034 est
397 1987 534 2050 quod
575 1990 732 2033 etiam
782 1986 846 2033 de
894 1990 1003 2049 ipsa
1045 1990 1151 2033 eius
1193 1987 1330 2049 apud
1369 2003 1423 2033 se
1463 1986 1783 2035 habitatione

274 2068 608 2129 speraverint,
637 2065 856 2127 ideoque
892 2066 955 2111 ab
984 2064 1067 2111 illo
1097 2068 1262 2128 operis
1292 2065 1374 2112 dei
1404 2065 1654 2112 desiderio
1683 2083 1785 2113 non

273 2150 610 2190 recesserunt.

227 2233 249 2270 7
339 2221 454 2280 Quo
493 2221 645 2268 modo
687 2237 808 2284 ergo
849 2221 971 2267 dicis
1012 2220 1106 2267 hoc
1147 2237 1232 2268 eos
1272 2219 1451 2268 fecisse
1492 2225 1783 2285 turpissimo

276 2303 513 2363 appetitu
552 2299 843 2362 pecuniae?
914 2298 1081 2345 Primo
1123 2303 1241 2362 quia
1283 2300 1347 2347 ad
1386 2300 1610 2362 plebem,
1650 2317 1782 2364 quae

276 2378 549 2433 clamabat,
589 2380 794 2424 omnino
834 2394 935 2423 non
973 2381 1236 2440 pertinet3
1294 2381 1424 2424 sicut
1464 2381 1599 2424 enim
1638 2379 1782 2442 plebs

275 2456 602 2520 Tagastensis
637 2455 700 2502 de
734 2454 829 2512 his,
863 2472 993 2519 quae
1028 2456 1311 2503 contulistis
1346 2456 1588 2504 ecclesiae
1620 2457 1784 2522 Taga-

286 2561 380 2603 234
