1866 2964
777 164 868 211 ST.
907 162 1315 211 AUGUSTINE

295 308 391 356 est,
438 317 539 346 non
582 315 760 361 aspere
803 297 912 352 sed,
953 300 1083 343 sicut
1123 299 1368 358 scriptum
1410 302 1507 352 est,
1547 294 1596 341 in
1637 293 1803 359 spiritu

294 378 495 425 lenitatis
529 384 571 423 et
606 374 987 423 mansuetudinis.
1059 374 1201 420 Dant
1237 377 1373 420 enim
1406 373 1531 420 mihi
1565 373 1801 421 fiduciam

294 456 499 503 litterae
551 463 692 510 tuae,
741 454 933 500 indices
983 455 1399 516 germanissimae
1449 454 1714 507 caritatis,
1745 457 1803 497 ut

296 542 469 580 tecum
523 541 789 596 tamquam
842 548 1045 577 mecum
1099 530 1317 576 audeam
1369 529 1619 593 conloqui.
1689 529 1803 575 Non

297 630 419 676 ergo
437 628 633 674 aspere,
651 617 901 673 quantum
919 612 1173 664 existimo,
1190 626 1291 655 non
1307 609 1519 664 duriter,
1534 625 1636 654 non
1651 607 1803 654 modo

295 694 565 753 imperioso
581 693 679 735 ista
695 687 961 743 tolluntur,
972 691 1133 751 magis
1146 687 1375 734 docendo
1392 704 1546 750 quam
1561 686 1803 740 iubendo,

295 772 457 832 magis
484 767 741 814 monendo
769 783 923 829 quam
950 767 1207 814 minando.
1277 765 1356 812 Sic
1384 769 1520 812 enim
1547 765 1804 829 agendum

297 854 376 893 est
409 864 524 893 cum
557 845 908 900 multitudine,
936 848 1179 891 severitas
1209 851 1383 890 autem
1413 843 1698 890 exercenda
1727 849 1807 888 est

298 929 348 970 in
392 931 604 987 peccata
650 940 943 986 paucorum.
1013 922 1082 968 Et
1126 926 1166 969 si
1211 923 1334 986 quid
1376 925 1647 977 minamur,
1690 937 1805 967 cum

297 1003 469 1049 dolore
530 1003 619 1048 fiat
677 1002 740 1048 de
799 1003 1059 1062 scripturis
1116 1001 1472 1047 comminando
1529 1000 1806 1046 vindictam

297 1080 543 1136 futuram,
569 1097 633 1126 ne
661 1096 751 1125 nos
778 1082 874 1141 ipsi
900 1082 951 1124 in
979 1086 1152 1125 nostra
1178 1086 1459 1142 potestate,
1486 1079 1577 1125 sed
1603 1078 1728 1124 deus
1755 1080 1807 1123 in

298 1167 471 1205 nostro
523 1174 756 1204 sermone
809 1160 1070 1204 timeatur.
1143 1157 1225 1203 Ita
1276 1160 1414 1220 prius
1465 1157 1809 1203 movebuntur

299 1237 550 1300 spiritales
573 1236 653 1283 vel
675 1235 984 1299 spiritalibus
1005 1239 1240 1298 proximi,
1262 1253 1477 1298 quorum
1500 1238 1808 1281 auctoritate

302 1323 354 1362 et
385 1315 651 1361 lenissimis
684 1315 891 1377 quidem
924 1314 1015 1360 sed
1044 1317 1423 1360 instantissimis
1455 1314 1811 1360 admonitioni-

303 1395 394 1440 bus
418 1401 592 1440 cetera
615 1392 893 1439 multitudo
916 1391 1200 1455 frangatur.

253 1482 276 1520 6
367 1472 469 1518 Sed
528 1474 769 1534 quoniam
827 1473 957 1516 istae
1009 1473 1061 1515 in
1080 1473 1372 1516 'cimiteriis
1425 1471 1704 1516 ebrietates
1756 1476 1811 1515 et

303 1549 560 1596 luxuriosa
577 1551 806 1595 convivia
823 1565 925 1594 non
943 1547 1103 1594 solum
1121 1547 1338 1594 honores
1356 1555 1641 1612 martyrum
1659 1564 1687 1593 a
1705 1564 1810 1594 car-

303 1627 404 1673 nali
435 1635 487 1674 et
516 1630 736 1689 inperita
765 1626 916 1688 plebe
947 1626 1083 1672 credi
1113 1626 1297 1681 solent,
1323 1627 1414 1673 sed
1442 1630 1599 1672 etiam
1629 1625 1813 1672 solacia

302 1713 637 1759 mortuorum,
659 1703 783 1750 mihi
806 1704 1008 1750 videtur
1029 1703 1223 1750 facilius
1246 1703 1340 1750 illis
1363 1704 1643 1750 dissuaderi
1664 1719 1813 1766 posse

302 1786 454 1829 istam
481 1781 787 1829 foeditatem
815 1798 872 1827 ac
898 1782 1291 1844 turpitudinem,
1317 1785 1357 1828 si
1384 1789 1438 1828 et
1464 1782 1528 1828 de
1554 1785 1815 1844 scripturis

303 1860 637 1923 prohibeatur
659 1867 712 1906 et
734 1859 1018 1906 oblationes
1040 1877 1131 1922 pro
1153 1861 1411 1922 spiritibus
1433 1860 1815 1915 dormientium,

306 1955 431 2002 quas
477 1955 594 1984 vere
641 1937 833 2000 aliquid
878 1938 1117 1984 adiuvare
1163 1938 1477 1984 credendum
1522 1945 1619 1993 est,
1663 1953 1815 2000 super

305 2020 438 2079 ipsas
469 2019 739 2062 memorias
770 2032 870 2061 non
901 2018 1003 2061 sint
1033 2022 1363 2077 sumptuosae
1394 2023 1551 2078 atque
1582 2017 1816 2062 omnibus

304 2095 604 2157 petentibus
631 2097 738 2139 sine
766 2092 928 2156 typho
956 2100 1009 2138 et
1036 2110 1150 2138 cum
1179 2092 1443 2139 alacritate
1468 2094 1817 2156 praebeantur

305 2188 475 2235 neque
509 2172 831 2226 vendantur3
883 2171 973 2217 sed
1007 2174 1045 2216 si
1080 2174 1190 2233 quis
1223 2187 1314 2233 pro
1347 2170 1592 2234 religione
1625 2171 1818 2234 aliquid

306 2253 554 2312 pecuniae
601 2248 780 2295 offerre
826 2248 1062 2304 voluerit,
1106 2252 1157 2294 in
1202 2252 1463 2311 praesenti
1505 2250 1817 2312 pauperibus

307 2334 503 2390 eroget.
591 2327 674 2373 Ita
727 2342 822 2372 nec
880 2326 1118 2372 deserere
1177 2327 1489 2373 videbuntur
1545 2330 1816 2374 memorias

306 2422 530 2461 suorum,
559 2404 696 2467 quod
723 2410 897 2466 potest
924 2407 1136 2468 gignere
1166 2421 1268 2450 non
1294 2403 1460 2450 levem
1487 2405 1651 2451 cordis
1679 2404 1817 2452 dolo-

734 2536 750 2553 0
784 2529 884 2571 Gal.
908 2531 964 2570 vi.
994 2534 1041 2575 l;
1078 2534 1093 2569 l
1121 2530 1220 2570 Cor.
1245 2532 1299 2570 iv.
1322 2532 1392 2570 21.

318 2604 379 2643 48
