1866 2964
759 202 851 251 ST.
889 201 1297 251 AUGUSTINE

271 337 585 401 replicasset,
612 344 665 383 et
695 337 817 383 dum
845 353 905 382 ea
935 352 1067 399 quae
1092 338 1227 381 iussa
1252 340 1372 381 sunt
1401 331 1542 379 velut
1571 329 1784 395 implere

271 442 566 504 disponunt,
607 443 795 486 iterum
839 438 1051 486 ecclesia
1092 437 1321 501 lapidata
1369 443 1463 483 est.
1532 435 1784 482 Post-ridie

271 548 454 591 nostris
491 545 556 591 ad
589 544 940 607 inponendum
974 543 1188 605 perditis
1223 548 1441 596 metum,
1476 539 1614 603 quod
1647 539 1786 586 vide-

270 649 440 704 batur,
461 648 597 711 apud
617 655 731 694 acta
750 648 919 694 dicere
939 645 1227 693 volentibus
1245 644 1448 708 publica
1465 647 1576 690 iura
1593 649 1786 707 negata

273 759 409 807 sunt,
432 752 717 814 eodemque
743 754 852 814 ipso
878 751 980 807 die,
998 767 1063 796 ne
1084 749 1164 796 vel
1189 750 1430 796 divinitus
1449 753 1786 802 terrerentur,

270 856 466 919 grando
485 854 883 918 lapidationibus
902 855 1106 901 reddita
1127 860 1205 900 est
1225 869 1236 909 3
1270 870 1372 916 qua
1389 858 1651 899 transacta
1669 866 1786 897 con-

271 963 416 1005 tinuo
459 962 669 1005 tertiam
711 957 1079 1022 lapidationem
1123 964 1177 1004 et
1216 964 1476 1020 postremo
1516 959 1662 1020 ignes
1705 971 1785 1001 ec-

271 1062 564 1109 clesiasticis
597 1065 748 1109 tectis
783 1069 939 1126 atque
972 1060 1260 1108 hominibus
1291 1059 1596 1116 intulerunt,
1624 1075 1783 1106 unum

271 1183 530 1213 servorum
572 1166 673 1222 dei,
715 1169 801 1229 qui
841 1166 1083 1212 oberrans
1125 1181 1388 1212 occurrere
1428 1166 1617 1227 potuit,
1657 1165 1784 1209 occi-

273 1270 478 1325 derunt,
525 1272 710 1316 ceteris
750 1272 939 1332 partim
987 1270 1074 1315 ubi
1120 1275 1399 1331 potuerant
1438 1267 1784 1321 latitantibus,

271 1376 458 1436 partim
493 1389 593 1436 qua
622 1379 901 1435 potuerant
934 1370 1270 1436 fugient-ibus,
1295 1389 1410 1418 cum
1442 1375 1643 1418 interea
1667 1388 1783 1418 con-

271 1484 442 1523 trusus
486 1483 644 1539 atque
687 1483 946 1522 coartatus
989 1477 1213 1540 quodam
1254 1475 1363 1523 loco
1405 1492 1459 1523 se
1502 1474 1784 1522 occultaret

273 1583 557 1643 episcopus,
574 1580 660 1626 ubi
677 1596 731 1626 se
750 1580 815 1626 ad
830 1587 1050 1626 mortem
1068 1583 1427 1643 quaerentium
1443 1596 1591 1626 voces
1610 1580 1782 1626 audie-

271 1684 363 1730 bat
385 1684 583 1746 sibique
607 1686 983 1746 increpantium
1013 1684 1151 1746 quod
1184 1700 1243 1730 eo
1266 1701 1368 1730 non
1389 1688 1599 1730 invento
1621 1685 1781 1748 gratis

270 1794 476 1833 tantum
515 1794 903 1850 perpetrassent
942 1786 1120 1834 scelus.
1191 1787 1351 1834 Gesta
1391 1795 1511 1834 sunt
1549 1786 1677 1834 haec
1717 1787 1781 1834 ab

270 1888 394 1936 hora
441 1888 603 1936 ferme
652 1890 851 1937 decima
898 1907 1059 1954 usque
1109 1891 1174 1938 ad
1220 1894 1383 1938 noctis
1429 1898 1632 1954 partem
1679 1907 1781 1937 non

269 1996 548 2039 minimam.
610 1993 775 2040 Nemo
794 2011 1136 2057 compescere,
1155 2012 1306 2042 nemo
1325 1996 1594 2042 subvenire
1613 2002 1780 2056 temp-

270 2099 401 2142 tavit
432 2095 632 2142 illorum
665 2113 880 2160 quorum
914 2114 1024 2144 esse
1063 2102 1229 2161 gravis
1267 2106 1442 2161 posset
1484 2102 1779 2154 auctoritas,

269 2206 477 2262 praeter
525 2217 683 2246 unum
732 2204 1079 2264 peregrinum,
1127 2219 1219 2264 per
1269 2219 1423 2266 quem
1474 2210 1527 2249 et
1575 2176 1777 2266 plurimi

269 2306 400 2350 servi
436 2303 518 2349 dei
554 2303 618 2350 de
653 2305 887 2350 manibus
922 2305 1210 2352 interficere
1246 2310 1540 2353 conantium
1574 2305 1777 2353 liberati

269 2413 390 2452 sunt
443 2413 496 2452 et
548 2406 711 2453 multa
764 2414 969 2454 extorta
1019 2410 1402 2471 praedantibus.
1472 2409 1569 2456 Per
1621 2426 1774 2474 quem

270 2509 460 2555 clarum
492 2508 686 2556 factum
721 2518 800 2557 est
838 2528 990 2574 quam
1032 2511 1180 2559 facile
1211 2513 1296 2559 illa
1327 2513 1407 2559 vel
1438 2517 1643 2560 omnino
1674 2531 1776 2560 non

285 2628 378 2676 164
