1866 2964
717 172 808 218 ST.
846 171 1254 219 AUGUSTINE

233 309 489 368 propriam
513 312 737 352 vestram
762 307 1075 360 curaveritis,
1101 310 1248 350 tanto
1272 320 1359 350 vos
1387 303 1601 367 amplius
1625 320 1739 367 pro-

233 373 413 421 fecisse
432 376 690 429 noveritis,
710 380 770 419 ut
787 376 839 418 in
858 373 1091 419 omnibus
1117 373 1300 435 quibus
1319 375 1482 419 utitur
1501 375 1739 419 transito-

232 445 307 488 ria
336 445 631 497 necessitas,
661 444 1042 504 superemineat
1073 457 1205 503 quae
1237 447 1509 502 permanet
1537 443 1737 487 caritas.

235 509 564 572 Consequens
603 526 723 573 ergo
763 515 859 564 est,
896 516 954 555 ut
993 511 1151 555 etiam
1186 507 1311 555 illud
1347 508 1484 571 quod
1520 511 1622 554 suis
1658 507 1740 555 vel

233 577 431 624 filiabus
455 576 537 623 vel
573 576 742 640 aliqua
767 577 1144 623 necessitudine
1178 576 1244 623 ad
1273 593 1327 622 se
1359 576 1738 639 pertinentibus

231 648 284 691 in
307 648 618 692 monasterio
644 647 935 691 constitutis
963 644 1141 707 aliquis
1167 643 1248 690 vel
1273 643 1442 707 aliqua
1466 643 1742 691 contulerit

233 717 338 760 sive
385 720 584 759 vestem
632 716 736 759 sive
785 711 1052 776 quodlibet
1100 711 1237 759 aliud
1277 715 1413 758 inter
1453 715 1741 758 necessaria

233 781 607 843 deputandum,
632 798 735 827 non
759 779 957 827 occulte
989 783 1265 843 accipiatur
1290 778 1383 826 sed
1403 783 1469 826 sit
1492 783 1545 826 in
1569 786 1741 843 potes-

231 856 343 895 tate
368 852 711 912 praepositae,
731 855 789 894 ut
808 852 860 894 in
877 864 987 894 rem
1013 864 1337 894 communem
1356 848 1641 903 redactum,
1661 850 1742 894 cui

232 920 574 963 necessarium
599 915 773 972 fuerit,
797 917 1123 979 praebeatur.
1194 915 1346 974 Quod
1372 919 1412 962 si
1438 915 1608 979 aliqua
1630 932 1741 962 rem

232 986 326 1031 sibi
352 984 607 1031 conlatam
633 983 893 1039 celaverit,
918 983 1042 1030 furti
1066 984 1251 1031 iudicio
1279 984 1666 1031 condemnetur.

156 1060 207 1099 13
298 1053 611 1100 Indumenta
632 1059 803 1099 vestra
825 1053 1105 1099 secundum
1129 1053 1395 1099 arbitrium
1416 1055 1742 1115 praepositae

230 1119 468 1167 laventur
496 1123 600 1167 sive
633 1137 661 1166 a
690 1121 831 1167 vobis
863 1123 966 1166 sive
999 1137 1027 1166 a
1056 1118 1348 1177 fullonibus,
1378 1137 1443 1167 ne
1472 1123 1740 1167 interiores

232 1192 432 1235 animae
457 1189 628 1235 sordes
653 1187 924 1235 contrahat
953 1189 1176 1235 mundae
1200 1191 1355 1235 vestis
1379 1191 1562 1235 nimius
1588 1204 1743 1251 appe-

230 1260 371 1303 titus.
443 1256 725 1303 Lavacrum
744 1259 900 1303 etiam
917 1273 1183 1319 corporum
1202 1273 1424 1320 ususque
1440 1256 1740 1303 balnearum

230 1341 332 1371 non
352 1327 417 1371 sit
439 1325 685 1381 assiduus,
707 1324 798 1371 sed
819 1340 897 1380 eo,
919 1341 1019 1387 quo
1040 1323 1187 1380 solet,
1206 1324 1474 1371 intervallo
1494 1328 1741 1387 temporis

229 1393 502 1448 tribuatur,
545 1392 640 1439 hoc
684 1399 763 1439 est
805 1392 966 1438 semel
1006 1395 1059 1438 in
1100 1409 1294 1439 mense.
1365 1392 1519 1439 Cuius
1564 1399 1740 1439 autem

228 1460 538 1507 infirmitatis
580 1463 858 1507 necessitas
900 1463 1039 1524 cogit
1079 1459 1355 1507 lavandum
1396 1478 1595 1524 corpus,
1635 1478 1740 1507 non

229 1528 428 1592 longius
473 1527 772 1584 differatur3
835 1528 927 1575 fiat
970 1532 1077 1575 sine
1121 1545 1382 1575 murmure
1427 1529 1491 1576 de
1535 1528 1741 1576 consilio

228 1597 531 1653 medicinae,
561 1600 635 1644 ita
664 1604 723 1643 ut
754 1599 912 1643 etiam
948 1600 989 1643 si
1025 1595 1170 1652 nolit,
1199 1598 1412 1643 iubente
1449 1600 1743 1660 praeposita

228 1663 385 1712 faciat
432 1665 569 1728 quod
611 1663 904 1712 faciendum
953 1672 1032 1711 est
1079 1681 1170 1727 pro
1218 1664 1400 1712 salute.
1470 1664 1522 1711 Si
1565 1672 1741 1712 autem

228 1732 353 1779 velit
407 1740 461 1780 et
513 1732 647 1779 forte
700 1750 803 1779 non
857 1733 1087 1795 expedit,
1141 1750 1263 1779 suae
1316 1734 1588 1796 cupiditati
1639 1750 1742 1780 non

229 1801 502 1856 oboediat;
569 1800 842 1865 aliquando
893 1804 1046 1856 enim,
1096 1804 1297 1848 etiamsi
1344 1809 1546 1858 noceat,
1593 1802 1743 1864 prod-

232 1885 342 1916 esse
391 1870 616 1916 credjtur
666 1869 803 1932 quod
851 1868 1093 1916 delectat.
1187 1869 1445 1932 Denique,
1488 1873 1528 1916 si
1574 1869 1742 1916 latens

231 1944 309 1984 est
349 1936 491 1984 dolor
523 1940 576 1983 in
610 1953 820 2000 corpore
862 1935 1085 1983 famulae
1129 1937 1230 1992 dei,
1265 1938 1457 1984 dicenti
1491 1939 1585 1984 sibi
1620 1939 1743 2001 quid

229 2005 421 2060 doleat,
445 2008 552 2052 sine
577 2005 902 2052 dubitatione
926 2005 1165 2052 credatur
1188 2020 1200 2061 3
1241 2005 1332 2052 sed
1353 2012 1547 2062 tamen,
1570 2013 1743 2053 utrum

286 2131 304 2149 ‘²
337 2124 453 2177 Eph.
477 2126 536 2165 iii.
564 2127 613 2166 19
634 2142 644 2171 ;
682 2129 699 2165 1
726 2124 827 2166 Cor.
848 2126 938 2165 xiii.
962 2127 1002 2166 8.

289 2180 303 2204 δ
337 2179 558 2232 Compare
581 2180 654 2220 the
680 2179 794 2220 Rule
816 2181 867 2220 of
886 2179 951 2220 St.
978 2178 1204 2228 Benedict‚
1229 2184 1284 2221 54
1308 2180 1333 2197 “
1354 2180 1476 2234 quod
1499 2183 1535 2222 si
1557 2183 1692 2222 etiam
1715 2196 1743 2223 a

230 2234 490 2287 parentibus
512 2236 601 2275 suis
626 2236 666 2275 ei
686 2234 937 2287 quidquam
961 2233 1179 2275 directum
1203 2236 1351 2283 fuerit,
1374 2249 1463 2276 non
1484 2242 1742 2288 praesumat

229 2291 452 2341 suscipere
477 2288 601 2336 illud,
630 2291 713 2329 nisi
739 2291 861 2341 prius
888 2288 1133 2329 indicatum
1158 2290 1294 2330 fuerit
1318 2290 1486 2331 abbati.
1544 2291 1678 2342 Quod
1705 2294 1740 2332 si

229 2345 403 2384 iusserit
424 2345 602 2395 suscipi,
627 2346 671 2383 in
693 2344 869 2384 abbatis
891 2345 946 2383 sit
966 2348 1185 2396 potestate
1205 2346 1276 2384 cui
1292 2344 1401 2385 illud
1423 2345 1574 2386 iubeat
1595 2345 1740 2387 dari.'’

290 2404 304 2422 ⁰
338 2398 458 2438 With
479 2398 566 2438 this
588 2411 798 2450 compare
827 2398 1022 2445 Jemme,
1041 2397 1126 2450 Ep.
1152 2401 1244 2439 125.
1265 2402 1288 2439 7
1322 2400 1347 2415 “
1369 2399 1519 2440 sordes
1547 2402 1738 2442 vestium

229 2452 449 2493 candidae
495 2455 655 2493 mentis
701 2452 864 2493 indicio
910 2455 1027 2499 sint;
1090 2452 1188 2493 vilis
1233 2456 1386 2494 tunica
1430 2459 1738 2508 contemptum

228 2507 391 2548 saeculi
423 2507 594 2560 probet.
631 2539 639 2547 .
676 2539 684 2548 .
721 2539 730 2548 .
767 2506 1037 2547 Balnearum
1069 2508 1270 2548 fomenta
1302 2522 1391 2549 non
1424 2523 1627 2562 quaeras,
1661 2512 1740 2563 qui

226 2561 419 2602 calorem
440 2563 636 2614 corporis
666 2563 932 2604 ieiuniorum
962 2563 1088 2616 cupis
1116 2562 1283 2615 frigore
1311 2564 1643 2617 extinguere'';
1674 2565 1738 2607 id.

230 2625 327 2681 396
