<?xml version="1.0" encoding="UTF-8"?>
<!DOCTYPE html PUBLIC "-//W3C//DTD XHTML 1.0 Transitional//EN"
    "http://www.w3.org/TR/xhtml1/DTD/xhtml1-transitional.dtd">
<html xmlns="http://www.w3.org/1999/xhtml" xml:lang="en" lang="en">
 <head>
  <title>
</title>
<meta http-equiv="Content-Type" content="text/html;charset=utf-8" />
  <meta name='ocr-system' content='tesseract 3.04.00' />
  <meta name='ocr-capabilities' content='ocr_page ocr_carea ocr_par ocr_line ocrx_word'/>
</head>
<body>
  <div class='ocr_page' id='page_1' title='image "./selectletters00auguuoft_0346.png"; bbox 0 0 1866 2964; ppageno 0'>
   <div class='ocr_carea' id='block_1_1' title="bbox 721 171 1262 220">
    <p class='ocr_par' dir='ltr' id='par_1_1' title="bbox 721 171 1262 220">
     <span class='ocr_line' id='line_1_1' title="bbox 721 171 1262 220; baseline 0.004 -3"><span class='ocrx_word' id='word_1_1' title='bbox 721 171 811 218; x_wconf 82' lang='lat' dir='ltr'>ST.</span> <span class='ocrx_word' id='word_1_2' title='bbox 850 172 1262 220; x_wconf 89' lang='lat' dir='ltr'><strong>AUGUSTINE</strong></span> 
     </span>
    </p>
   </div>
   <div class='ocr_carea' id='block_1_2' title="bbox 188 302 1757 2603">
    <p class='ocr_par' dir='ltr' id='par_1_2' title="bbox 234 302 1754 990">
     <span class='ocr_line' id='line_1_2' title="bbox 234 302 1751 360; baseline 0.004 -12"><span class='ocrx_word' id='word_1_3' title='bbox 234 302 450 349; x_wconf 83' lang='lat' dir='ltr'>traheris</span> <span class='ocrx_word' id='word_1_4' title='bbox 498 303 562 350; x_wconf 88' lang='lat' dir='ltr'>ad</span> <span class='ocrx_word' id='word_1_5' title='bbox 607 302 845 360; x_wconf 86' lang='lat' dir='ltr'>salutem,</span> <span class='ocrx_word' id='word_1_6' title='bbox 891 320 1007 350; x_wconf 91' lang='lat' dir='ltr'>cum</span> <span class='ocrx_word' id='word_1_7' title='bbox 1052 312 1161 351; x_wconf 88' lang='lat' dir='ltr'>tam</span> <span class='ocrx_word' id='word_1_8' title='bbox 1205 304 1393 352; x_wconf 90' lang='lat' dir='ltr'>multos</span> <span class='ocrx_word' id='word_1_9' title='bbox 1439 313 1638 353; x_wconf 87' lang='lat' dir='ltr'>nostros</span> <span class='ocrx_word' id='word_1_10' title='bbox 1687 307 1751 354; x_wconf 88' lang='lat' dir='ltr'>ad</span> 
     </span>
     <span class='ocr_line' id='line_1_3' title="bbox 234 392 1751 454; baseline 0.003 -17"><span class='ocrx_word' id='word_1_11' title='bbox 234 395 512 454; x_wconf 87' lang='lat' dir='ltr'>perniciem</span> <span class='ocrx_word' id='word_1_12' title='bbox 556 395 832 439; x_wconf 71' lang='lat' dir='ltr'><strong>traxeritis.</strong></span> <span class='ocrx_word' id='word_1_13' title='bbox 904 392 1042 452; x_wconf 80' lang='lat' dir='ltr'>Quid</span> <span class='ocrx_word' id='word_1_14' title='bbox 1086 397 1222 440; x_wconf 89' lang='lat' dir='ltr'>enim</span> <span class='ocrx_word' id='word_1_15' title='bbox 1265 394 1514 452; x_wconf 91' lang='lat' dir='ltr'>volumus,</span> <span class='ocrx_word' id='word_1_16' title='bbox 1558 398 1652 441; x_wconf 89' lang='lat' dir='ltr'>nisi</span> <span class='ocrx_word' id='word_1_17' title='bbox 1696 403 1751 443; x_wconf 88' lang='lat' dir='ltr'>te</span> 
     </span>
     <span class='ocr_line' id='line_1_4' title="bbox 235 480 1750 547; baseline 0.003 -20"><span class='ocrx_word' id='word_1_18' title='bbox 235 480 598 543; x_wconf 79' lang='lat' dir='ltr'>comprehendi</span> <span class='ocrx_word' id='word_1_19' title='bbox 638 489 691 528; x_wconf 92' lang='lat' dir='ltr'>et</span> <span class='ocrx_word' id='word_1_20' title='bbox 728 485 1047 544; x_wconf 85' lang='lat' dir='ltr'>praesentari</span> <span class='ocrx_word' id='word_1_21' title='bbox 1088 490 1141 529; x_wconf 94' lang='lat' dir='ltr'>et</span> <span class='ocrx_word' id='word_1_22' title='bbox 1179 486 1386 540; x_wconf 83' lang='lat' dir='ltr'>servari,</span> <span class='ocrx_word' id='word_1_23' title='bbox 1423 500 1489 530; x_wconf 90' lang='lat' dir='ltr'>ne</span> <span class='ocrx_word' id='word_1_24' title='bbox 1526 485 1750 547; x_wconf 84' lang='lat' dir='ltr'>pereas?</span> 
     </span>
     <span class='ocr_line' id='line_1_5' title="bbox 236 569 1751 636; baseline 0.003 -20"><span class='ocrx_word' id='word_1_25' title='bbox 236 569 387 628; x_wconf 78' lang='lat' dir='ltr'>Quod</span> <span class='ocrx_word' id='word_1_26' title='bbox 424 577 599 617; x_wconf 87' lang='lat' dir='ltr'>autem</span> <span class='ocrx_word' id='word_1_27' title='bbox 637 570 958 634; x_wconf 89' lang='lat' dir='ltr'>aliquantum</span> <span class='ocrx_word' id='word_1_28' title='bbox 993 574 1046 617; x_wconf 88' lang='lat' dir='ltr'>in</span> <span class='ocrx_word' id='word_1_29' title='bbox 1083 589 1292 635; x_wconf 87' lang='lat' dir='ltr'>corpore</span> <span class='ocrx_word' id='word_1_30' title='bbox 1328 572 1496 619; x_wconf 89' lang='lat' dir='ltr'>laesus</span> <span class='ocrx_word' id='word_1_31' title='bbox 1535 590 1606 629; x_wconf 90' lang='lat' dir='ltr'>es,</span> <span class='ocrx_word' id='word_1_32' title='bbox 1641 577 1751 636; x_wconf 91' lang='lat' dir='ltr'>ipse</span> 
     </span>
     <span class='ocr_line' id='line_1_6' title="bbox 235 657 1754 723; baseline 0.003 -19"><span class='ocrx_word' id='word_1_33' title='bbox 235 659 330 705; x_wconf 87' lang='lat' dir='ltr'>tibi</span> <span class='ocrx_word' id='word_1_34' title='bbox 356 657 540 716; x_wconf 76' lang='lat' dir='ltr'><strong>fecisti,</strong></span> <span class='ocrx_word' id='word_1_35' title='bbox 568 662 654 723; x_wconf 92' lang='lat' dir='ltr'>qui</span> <span class='ocrx_word' id='word_1_36' title='bbox 680 662 912 707; x_wconf 88' lang='lat' dir='ltr'>iumento</span> <span class='ocrx_word' id='word_1_37' title='bbox 938 661 1033 707; x_wconf 88' lang='lat' dir='ltr'>tibi</span> <span class='ocrx_word' id='word_1_38' title='bbox 1059 678 1179 708; x_wconf 84' lang='lat' dir='ltr'>mox</span> <span class='ocrx_word' id='word_1_39' title='bbox 1207 661 1415 708; x_wconf 90' lang='lat' dir='ltr'>admoto</span> <span class='ocrx_word' id='word_1_40' title='bbox 1443 665 1519 709; x_wconf 86' lang='lat' dir='ltr'>uti</span> <span class='ocrx_word' id='word_1_41' title='bbox 1545 661 1754 709; x_wconf 91' lang='lat' dir='ltr'>noluisti</span> 
     </span>
     <span class='ocr_line' id='line_1_7' title="bbox 238 748 1752 815; baseline 0.003 -21"><span class='ocrx_word' id='word_1_42' title='bbox 238 755 290 794; x_wconf 94' lang='lat' dir='ltr'>et</span> <span class='ocrx_word' id='word_1_43' title='bbox 336 755 390 794; x_wconf 90' lang='lat' dir='ltr'>te</span> <span class='ocrx_word' id='word_1_44' title='bbox 439 748 504 795; x_wconf 92' lang='lat' dir='ltr'>ad</span> <span class='ocrx_word' id='word_1_45' title='bbox 549 756 742 795; x_wconf 87' lang='lat' dir='ltr'>terram</span> <span class='ocrx_word' id='word_1_46' title='bbox 787 752 1014 813; x_wconf 83' lang='lat' dir='ltr'>graviter</span> <span class='ocrx_word' id='word_1_47' title='bbox 1062 749 1320 797; x_wconf 79' lang='lat' dir='ltr'>conlisisti.</span> <span class='ocrx_word' id='word_1_48' title='bbox 1392 751 1526 797; x_wconf 86' lang='lat' dir='ltr'>Nam</span> <span class='ocrx_word' id='word_1_49' title='bbox 1571 755 1752 815; x_wconf 90' lang='lat' dir='ltr'>utique</span> 
     </span>
     <span class='ocr_line' id='line_1_8' title="bbox 237 836 1753 903; baseline 0.003 -21"><span class='ocrx_word' id='word_1_50' title='bbox 237 836 361 883; x_wconf 91' lang='lat' dir='ltr'>alius</span> <span class='ocrx_word' id='word_1_51' title='bbox 395 840 482 900; x_wconf 89' lang='lat' dir='ltr'>qui</span> <span class='ocrx_word' id='word_1_52' title='bbox 515 838 766 884; x_wconf 87' lang='lat' dir='ltr'>adductus</span> <span class='ocrx_word' id='word_1_53' title='bbox 801 846 879 885; x_wconf 89' lang='lat' dir='ltr'>est</span> <span class='ocrx_word' id='word_1_54' title='bbox 910 846 1102 895; x_wconf 87' lang='lat' dir='ltr'>tecum,</span> <span class='ocrx_word' id='word_1_55' title='bbox 1135 838 1330 903; x_wconf 81' lang='lat' dir='ltr'>collega</span> <span class='ocrx_word' id='word_1_56' title='bbox 1362 846 1500 896; x_wconf 88' lang='lat' dir='ltr'>tuus,</span> <span class='ocrx_word' id='word_1_57' title='bbox 1531 839 1753 888; x_wconf 87' lang='lat' dir='ltr'>inlaesus</span> 
     </span>
     <span class='ocr_line' id='line_1_9' title="bbox 237 926 1231 990; baseline 0.003 -18"><span class='ocrx_word' id='word_1_58' title='bbox 237 929 395 982; x_wconf 82' lang='lat' dir='ltr'>venit,</span> <span class='ocrx_word' id='word_1_59' title='bbox 422 929 541 989; x_wconf 87' lang='lat' dir='ltr'>quia</span> <span class='ocrx_word' id='word_1_60' title='bbox 565 926 689 973; x_wconf 76' lang='lat' dir='ltr'>talia</span> <span class='ocrx_word' id='word_1_61' title='bbox 714 928 807 973; x_wconf 83' lang='lat' dir='ltr'>sibi</span> <span class='ocrx_word' id='word_1_62' title='bbox 832 930 941 990; x_wconf 90' lang='lat' dir='ltr'>ipse</span> <span class='ocrx_word' id='word_1_63' title='bbox 966 945 1069 974; x_wconf 89' lang='lat' dir='ltr'>non</span> <span class='ocrx_word' id='word_1_64' title='bbox 1093 927 1231 975; x_wconf 88' lang='lat' dir='ltr'>fecit.</span> 
     </span>
    </p>

    <p class='ocr_par' dir='ltr' id='par_1_3' title="bbox 188 1014 1757 2401">
     <span class='ocr_line' id='line_1_10' title="bbox 188 1014 1757 1082; baseline 0.003 -21"><span class='ocrx_word' id='word_1_65' title='bbox 188 1023 212 1060; x_wconf 87' lang='grc'>2</span> <span class='ocrx_word' id='word_1_66' title='bbox 303 1014 405 1062; x_wconf 89' lang='lat' dir='ltr'>Sed</span> <span class='ocrx_word' id='word_1_67' title='bbox 454 1032 623 1079; x_wconf 82' lang='lat' dir='ltr'>neque</span> <span class='ocrx_word' id='word_1_68' title='bbox 674 1015 769 1062; x_wconf 92' lang='lat' dir='ltr'>hoc</span> <span class='ocrx_word' id='word_1_69' title='bbox 819 1024 971 1079; x_wconf 84' lang='lat' dir='ltr'>putas</span> <span class='ocrx_word' id='word_1_70' title='bbox 1022 1018 1118 1064; x_wconf 91' lang='lat' dir='ltr'>tibi</span> <span class='ocrx_word' id='word_1_71' title='bbox 1169 1017 1278 1064; x_wconf 86' lang='lat' dir='ltr'>fieri</span> <span class='ocrx_word' id='word_1_72' title='bbox 1328 1018 1584 1075; x_wconf 85' lang='lat' dir='ltr'>debuisse,</span> <span class='ocrx_word' id='word_1_73' title='bbox 1637 1022 1757 1082; x_wconf 87' lang='lat' dir='ltr'>quia</span> 
     </span>
     <span class='ocr_line' id='line_1_11' title="bbox 238 1107 1753 1170; baseline 0.003 -20"><span class='ocrx_word' id='word_1_74' title='bbox 238 1108 497 1151; x_wconf 89' lang='lat' dir='ltr'>neminem</span> <span class='ocrx_word' id='word_1_75' title='bbox 531 1108 770 1152; x_wconf 77' lang='lat' dir='ltr'>aestimas</span> <span class='ocrx_word' id='word_1_76' title='bbox 805 1107 1093 1170; x_wconf 84' lang='lat' dir='ltr'>cogendum</span> <span class='ocrx_word' id='word_1_77' title='bbox 1128 1123 1238 1154; x_wconf 87' lang='lat' dir='ltr'>esse</span> <span class='ocrx_word' id='word_1_78' title='bbox 1272 1108 1338 1154; x_wconf 85' lang='lat' dir='ltr'>ad</span> <span class='ocrx_word' id='word_1_79' title='bbox 1369 1108 1576 1155; x_wconf 90' lang='lat' dir='ltr'>bonum.</span> <span class='ocrx_word' id='word_1_80' title='bbox 1647 1108 1753 1155; x_wconf 90' lang='lat' dir='ltr'>Ad-</span> 
     </span>
     <span class='ocr_line' id='line_1_12' title="bbox 238 1194 1757 1260; baseline 0.002 -20"><span class='ocrx_word' id='word_1_81' title='bbox 238 1194 396 1240; x_wconf 88' lang='lat' dir='ltr'>tende</span> <span class='ocrx_word' id='word_1_82' title='bbox 441 1194 564 1257; x_wconf 91' lang='lat' dir='ltr'>quid</span> <span class='ocrx_word' id='word_1_83' title='bbox 607 1194 864 1257; x_wconf 84' lang='lat' dir='ltr'>apostolus</span> <span class='ocrx_word' id='word_1_84' title='bbox 914 1196 1133 1242; x_wconf 76' lang='lat' dir='ltr'>dixerit:</span> <span class='ocrx_word' id='word_1_85' title='bbox 1177 1195 1273 1249; x_wconf 74' lang='lat' dir='ltr'>Qui</span> <span class='ocrx_word' id='word_1_86' title='bbox 1315 1195 1630 1260; x_wconf 77' lang='lat' dir='ltr'>episcopatum</span> <span class='ocrx_word' id='word_1_87' title='bbox 1679 1196 1757 1243; x_wconf 85' lang='lat' dir='ltr'>de-</span> 
     </span>
     <span class='ocr_line' id='line_1_13' title="bbox 238 1282 1756 1348; baseline 0.003 -20"><span class='ocrx_word' id='word_1_88' title='bbox 238 1282 429 1339; x_wconf 73' lang='lat' dir='ltr'>siderat,</span> <span class='ocrx_word' id='word_1_89' title='bbox 465 1282 628 1329; x_wconf 80' lang='lat' dir='ltr'>bonum</span> <span class='ocrx_word' id='word_1_90' title='bbox 664 1300 780 1347; x_wconf 79' lang='lat' dir='ltr'>opus</span> <span class='ocrx_word' id='word_1_91' title='bbox 813 1283 1109 1348; x_wconf 74' lang='lat' dir='ltr'>concupiscit,</span> <span class='ocrx_word' id='word_1_92' title='bbox 1147 1292 1200 1332; x_wconf 90' lang='lat' dir='ltr'>et</span> <span class='ocrx_word' id='word_1_93' title='bbox 1233 1292 1411 1332; x_wconf 88' lang='lat' dir='ltr'>tamen</span> <span class='ocrx_word' id='word_1_94' title='bbox 1444 1293 1553 1332; x_wconf 87' lang='lat' dir='ltr'>tam</span> <span class='ocrx_word' id='word_1_95' title='bbox 1586 1285 1756 1343; x_wconf 84' lang='lat' dir='ltr'>multi,</span> 
     </span>
     <span class='ocr_line' id='line_1_14' title="bbox 239 1375 1756 1438; baseline 0.003 -20"><span class='ocrx_word' id='word_1_96' title='bbox 239 1379 297 1418; x_wconf 91' lang='lat' dir='ltr'>ut</span> <span class='ocrx_word' id='word_1_97' title='bbox 340 1375 691 1435; x_wconf 87' lang='lat' dir='ltr'>episcopatum</span> <span class='ocrx_word' id='word_1_98' title='bbox 734 1376 1029 1436; x_wconf 79' lang='lat' dir='ltr'>suscipiant,</span> <span class='ocrx_word' id='word_1_99' title='bbox 1077 1381 1324 1421; x_wconf 90' lang='lat' dir='ltr'>tenentur</span> <span class='ocrx_word' id='word_1_100' title='bbox 1364 1377 1528 1431; x_wconf 88' lang='lat' dir='ltr'>inviti,</span> <span class='ocrx_word' id='word_1_101' title='bbox 1570 1375 1756 1438; x_wconf 90' lang='lat' dir='ltr'>perdu-</span> 
     </span>
     <span class='ocr_line' id='line_1_15' title="bbox 239 1461 1756 1526; baseline 0.003 -20"><span class='ocrx_word' id='word_1_102' title='bbox 239 1468 441 1517; x_wconf 89' lang='lat' dir='ltr'>cuntur,</span> <span class='ocrx_word' id='word_1_103' title='bbox 488 1461 835 1518; x_wconf 88' lang='lat' dir='ltr'>includuntur,</span> <span class='ocrx_word' id='word_1_104' title='bbox 875 1463 1250 1519; x_wconf 87' lang='lat' dir='ltr'>custodiuntur,</span> <span class='ocrx_word' id='word_1_105' title='bbox 1289 1467 1559 1526; x_wconf 88' lang='lat' dir='ltr'>patiuntur</span> <span class='ocrx_word' id='word_1_106' title='bbox 1606 1471 1756 1511; x_wconf 87' lang='lat' dir='ltr'>tanta</span> 
     </span>
     <span class='ocr_line' id='line_1_16' title="bbox 240 1550 1755 1616; baseline 0.003 -21"><span class='ocrx_word' id='word_1_107' title='bbox 240 1567 372 1613; x_wconf 88' lang='lat' dir='ltr'>quae</span> <span class='ocrx_word' id='word_1_108' title='bbox 418 1550 617 1606; x_wconf 91' lang='lat' dir='ltr'>nolunt,</span> <span class='ocrx_word' id='word_1_109' title='bbox 663 1551 826 1597; x_wconf 91' lang='lat' dir='ltr'>donec</span> <span class='ocrx_word' id='word_1_110' title='bbox 872 1555 942 1598; x_wconf 90' lang='lat' dir='ltr'>eis</span> <span class='ocrx_word' id='word_1_111' title='bbox 989 1552 1123 1599; x_wconf 88' lang='lat' dir='ltr'>adsit</span> <span class='ocrx_word' id='word_1_112' title='bbox 1169 1551 1402 1600; x_wconf 83' lang='lat' dir='ltr'>voluntas</span> <span class='ocrx_word' id='word_1_113' title='bbox 1448 1554 1755 1616; x_wconf 89' lang='lat' dir='ltr'>suscipiendi</span> 
     </span>
     <span class='ocr_line' id='line_1_17' title="bbox 241 1640 1755 1705; baseline 0.003 -21"><span class='ocrx_word' id='word_1_114' title='bbox 241 1642 405 1701; x_wconf 79' lang='lat' dir='ltr'>operis</span> <span class='ocrx_word' id='word_1_115' title='bbox 433 1640 553 1686; x_wconf 89' lang='lat' dir='ltr'>boni</span> <span class='ocrx_word' id='word_1_116' title='bbox 578 1655 589 1695; x_wconf 82' lang='lat'><em>3</em></span> <span class='ocrx_word' id='word_1_117' title='bbox 637 1647 830 1703; x_wconf 84' lang='lat' dir='ltr'>quanto</span> <span class='ocrx_word' id='word_1_118' title='bbox 858 1644 1020 1704; x_wconf 83' lang='lat' dir='ltr'>magis</span> <span class='ocrx_word' id='word_1_119' title='bbox 1049 1658 1135 1687; x_wconf 74' lang='lat' dir='ltr'>vos</span> <span class='ocrx_word' id='word_1_120' title='bbox 1166 1642 1229 1688; x_wconf 88' lang='lat' dir='ltr'>ab</span> <span class='ocrx_word' id='word_1_121' title='bbox 1259 1658 1427 1688; x_wconf 89' lang='lat' dir='ltr'>errore</span> <span class='ocrx_word' id='word_1_122' title='bbox 1454 1645 1755 1705; x_wconf 90' lang='lat' dir='ltr'>pernicioso,</span> 
     </span>
     <span class='ocr_line' id='line_1_18' title="bbox 242 1729 1756 1794; baseline 0.003 -20"><span class='ocrx_word' id='word_1_123' title='bbox 242 1731 294 1774; x_wconf 91' lang='lat' dir='ltr'>in</span> <span class='ocrx_word' id='word_1_124' title='bbox 331 1745 430 1791; x_wconf 90' lang='lat' dir='ltr'>quo</span> <span class='ocrx_word' id='word_1_125' title='bbox 468 1729 607 1775; x_wconf 81' lang='lat' dir='ltr'>vobis</span> <span class='ocrx_word' id='word_1_126' title='bbox 644 1732 833 1775; x_wconf 87' lang='lat' dir='ltr'>inimici</span> <span class='ocrx_word' id='word_1_127' title='bbox 871 1732 1010 1786; x_wconf 86' lang='lat' dir='ltr'>estis,</span> <span class='ocrx_word' id='word_1_128' title='bbox 1047 1729 1286 1777; x_wconf 81' lang='lat' dir='ltr'>trahendi</span> <span class='ocrx_word' id='word_1_129' title='bbox 1323 1734 1444 1778; x_wconf 88' lang='lat' dir='ltr'>estis</span> <span class='ocrx_word' id='word_1_130' title='bbox 1483 1738 1536 1778; x_wconf 91' lang='lat' dir='ltr'>et</span> <span class='ocrx_word' id='word_1_131' title='bbox 1570 1732 1756 1794; x_wconf 92' lang='lat' dir='ltr'>perdu-</span> 
     </span>
     <span class='ocr_line' id='line_1_19' title="bbox 241 1817 1755 1884; baseline 0.002 -21"><span class='ocrx_word' id='word_1_132' title='bbox 241 1817 389 1864; x_wconf 90' lang='lat' dir='ltr'>cendi</span> <span class='ocrx_word' id='word_1_133' title='bbox 415 1817 480 1864; x_wconf 92' lang='lat' dir='ltr'>ad</span> <span class='ocrx_word' id='word_1_134' title='bbox 504 1820 778 1864; x_wconf 84' lang='lat' dir='ltr'>veritatem</span> <span class='ocrx_word' id='word_1_135' title='bbox 803 1818 883 1864; x_wconf 90' lang='lat' dir='ltr'>vel</span> <span class='ocrx_word' id='word_1_136' title='bbox 908 1820 1315 1883; x_wconf 84' lang='lat' dir='ltr'>cognoscendam</span> <span class='ocrx_word' id='word_1_137' title='bbox 1340 1819 1421 1866; x_wconf 88' lang='lat' dir='ltr'>vel</span> <span class='ocrx_word' id='word_1_138' title='bbox 1447 1819 1755 1884; x_wconf 85' lang='lat' dir='ltr'>eligendam,</span> 
     </span>
     <span class='ocr_line' id='line_1_20' title="bbox 240 1905 1754 1966; baseline 0.003 -14"><span class='ocrx_word' id='word_1_139' title='bbox 240 1923 341 1952; x_wconf 91' lang='lat' dir='ltr'>non</span> <span class='ocrx_word' id='word_1_140' title='bbox 367 1905 528 1952; x_wconf 86' lang='lat' dir='ltr'>solum</span> <span class='ocrx_word' id='word_1_141' title='bbox 554 1913 612 1953; x_wconf 89' lang='lat' dir='ltr'>ut</span> <span class='ocrx_word' id='word_1_142' title='bbox 636 1906 881 1954; x_wconf 86' lang='lat' dir='ltr'>honorem</span> <span class='ocrx_word' id='word_1_143' title='bbox 907 1907 1178 1955; x_wconf 87' lang='lat' dir='ltr'>salubriter</span> <span class='ocrx_word' id='word_1_144' title='bbox 1201 1907 1454 1966; x_wconf 89' lang='lat' dir='ltr'>habeatis,</span> <span class='ocrx_word' id='word_1_145' title='bbox 1479 1909 1571 1956; x_wconf 89' lang='lat' dir='ltr'>sed</span> <span class='ocrx_word' id='word_1_146' title='bbox 1596 1912 1754 1956; x_wconf 86' lang='lat' dir='ltr'>etiam</span> 
     </span>
     <span class='ocr_line' id='line_1_21' title="bbox 242 1996 1751 2058; baseline 0.002 -17"><span class='ocrx_word' id='word_1_147' title='bbox 242 2012 306 2041; x_wconf 89' lang='lat' dir='ltr'>ne</span> <span class='ocrx_word' id='word_1_148' title='bbox 342 1998 562 2058; x_wconf 87' lang='lat' dir='ltr'>pessime</span> <span class='ocrx_word' id='word_1_149' title='bbox 599 1996 857 2058; x_wconf 82' lang='lat' dir='ltr'>pereatis!</span> <span class='ocrx_word' id='word_1_150' title='bbox 929 1997 1068 2044; x_wconf 85' lang='lat' dir='ltr'>Dicis</span> <span class='ocrx_word' id='word_1_151' title='bbox 1105 1998 1261 2045; x_wconf 90' lang='lat' dir='ltr'>deum</span> <span class='ocrx_word' id='word_1_152' title='bbox 1297 1998 1500 2045; x_wconf 89' lang='lat' dir='ltr'>dedisse</span> <span class='ocrx_word' id='word_1_153' title='bbox 1537 1998 1751 2046; x_wconf 90' lang='lat' dir='ltr'>liberum</span> 
     </span>
     <span class='ocr_line' id='line_1_22' title="bbox 240 2085 1754 2151; baseline 0.003 -22"><span class='ocrx_word' id='word_1_154' title='bbox 240 2085 522 2140; x_wconf 84' lang='lat' dir='ltr'>arbitrium,</span> <span class='ocrx_word' id='word_1_155' title='bbox 564 2085 680 2132; x_wconf 89' lang='lat' dir='ltr'>ideo</span> <span class='ocrx_word' id='word_1_156' title='bbox 722 2102 823 2132; x_wconf 91' lang='lat' dir='ltr'>non</span> <span class='ocrx_word' id='word_1_157' title='bbox 865 2086 1055 2133; x_wconf 88' lang='lat' dir='ltr'>debere</span> <span class='ocrx_word' id='word_1_158' title='bbox 1098 2090 1210 2151; x_wconf 84' lang='lat' dir='ltr'>cogi</span> <span class='ocrx_word' id='word_1_159' title='bbox 1250 2086 1511 2134; x_wconf 89' lang='lat' dir='ltr'>hominem</span> <span class='ocrx_word' id='word_1_160' title='bbox 1552 2104 1646 2134; x_wconf 93' lang='lat' dir='ltr'>nec</span> <span class='ocrx_word' id='word_1_161' title='bbox 1688 2088 1754 2135; x_wconf 88' lang='lat' dir='ltr'>ad</span> 
     </span>
     <span class='ocr_line' id='line_1_23' title="bbox 239 2173 1752 2240; baseline 0.003 -21"><span class='ocrx_word' id='word_1_162' title='bbox 239 2173 445 2220; x_wconf 91' lang='lat' dir='ltr'>bonum.</span> <span class='ocrx_word' id='word_1_163' title='bbox 517 2173 688 2232; x_wconf 80' lang='lat' dir='ltr'>Quare</span> <span class='ocrx_word' id='word_1_164' title='bbox 745 2191 866 2239; x_wconf 87' lang='lat' dir='ltr'>ergo</span> <span class='ocrx_word' id='word_1_165' title='bbox 920 2174 1008 2232; x_wconf 87' lang='lat' dir='ltr'>illi,</span> <span class='ocrx_word' id='word_1_166' title='bbox 1063 2176 1127 2222; x_wconf 91' lang='lat' dir='ltr'>de</span> <span class='ocrx_word' id='word_1_167' title='bbox 1184 2176 1367 2239; x_wconf 91' lang='lat' dir='ltr'>quibus</span> <span class='ocrx_word' id='word_1_168' title='bbox 1422 2193 1576 2240; x_wconf 87' lang='lat' dir='ltr'>supra</span> <span class='ocrx_word' id='word_1_169' title='bbox 1629 2176 1752 2233; x_wconf 86' lang='lat' dir='ltr'>dixi,</span> 
     </span>
     <span class='ocr_line' id='line_1_24' title="bbox 242 2262 1754 2329; baseline 0.003 -21"><span class='ocrx_word' id='word_1_170' title='bbox 242 2269 494 2325; x_wconf 84' lang='lat' dir='ltr'>coguntur</span> <span class='ocrx_word' id='word_1_171' title='bbox 545 2262 610 2309; x_wconf 89' lang='lat' dir='ltr'>ad</span> <span class='ocrx_word' id='word_1_172' title='bbox 660 2263 892 2309; x_wconf 85' lang='lat' dir='ltr'>bonum?</span> <span class='ocrx_word' id='word_1_173' title='bbox 981 2265 1225 2311; x_wconf 88' lang='lat' dir='ltr'>Adtende</span> <span class='ocrx_word' id='word_1_174' title='bbox 1278 2281 1400 2329; x_wconf 88' lang='lat' dir='ltr'>ergo</span> <span class='ocrx_word' id='word_1_175' title='bbox 1451 2265 1588 2329; x_wconf 92' lang='lat' dir='ltr'>quod</span> <span class='ocrx_word' id='word_1_176' title='bbox 1638 2282 1754 2312; x_wconf 89' lang='lat' dir='ltr'>con-</span> 
     </span>
     <span class='ocr_line' id='line_1_25' title="bbox 242 2351 1754 2401; baseline 0.004 -6"><span class='ocrx_word' id='word_1_177' title='bbox 242 2351 464 2397; x_wconf 83' lang='lat' dir='ltr'>siderare</span> <span class='ocrx_word' id='word_1_178' title='bbox 494 2368 594 2397; x_wconf 89' lang='lat' dir='ltr'>non</span> <span class='ocrx_word' id='word_1_179' title='bbox 624 2354 711 2398; x_wconf 72' lang='lat' dir='ltr'>vis.</span> <span class='ocrx_word' id='word_1_180' title='bbox 784 2352 908 2399; x_wconf 92' lang='lat' dir='ltr'>Ideo</span> <span class='ocrx_word' id='word_1_181' title='bbox 937 2352 1170 2400; x_wconf 79' lang='lat' dir='ltr'>voluntas</span> <span class='ocrx_word' id='word_1_182' title='bbox 1199 2354 1334 2400; x_wconf 85' lang='lat' dir='ltr'>bona</span> <span class='ocrx_word' id='word_1_183' title='bbox 1360 2354 1754 2401; x_wconf 87' lang='lat' dir='ltr'>misericorditer</span> 
     </span>
    </p>

    <p class='ocr_par' dir='ltr' id='par_1_4' title="bbox 476 2493 1523 2603">
     <span class='ocr_line' id='line_1_26' title="bbox 817 2493 1176 2535; baseline 0.008 -3"><span class='ocrx_word' id='word_1_184' title='bbox 817 2499 835 2517; x_wconf 85' lang='lat'>‘²</span> <span class='ocrx_word' id='word_1_185' title='bbox 872 2497 887 2533; x_wconf 97' lang='grc'>1</span> <span class='ocrx_word' id='word_1_186' title='bbox 915 2493 1028 2535; x_wconf 85' lang='lat' dir='ltr'>Tim.</span> <span class='ocrx_word' id='word_1_187' title='bbox 1053 2496 1111 2535; x_wconf 89' lang='lat' dir='ltr'>iii.</span> <span class='ocrx_word' id='word_1_188' title='bbox 1140 2498 1176 2535; x_wconf 95' lang='grc'>1.</span> 
     </span>
     <span class='ocr_line' id='line_1_27' title="bbox 476 2546 1523 2603; baseline 0.004 -16"><span class='ocrx_word' id='word_1_189' title='bbox 476 2546 492 2570; x_wconf 79' lang='lat'>¹²</span> <span class='ocrx_word' id='word_1_190' title='bbox 523 2546 594 2587; x_wconf 88' lang='lat' dir='ltr'>On</span> <span class='ocrx_word' id='word_1_191' title='bbox 617 2547 799 2589; x_wconf 84' lang='lat' dir='ltr'>forcible</span> <span class='ocrx_word' id='word_1_192' title='bbox 821 2548 1073 2591; x_wconf 81' lang='lat' dir='ltr'>ordination</span> <span class='ocrx_word' id='word_1_193' title='bbox 1095 2563 1165 2590; x_wconf 85' lang='lat' dir='ltr'>see</span> <span class='ocrx_word' id='word_1_194' title='bbox 1187 2553 1289 2592; x_wconf 88' lang='lat' dir='ltr'>note</span> <span class='ocrx_word' id='word_1_195' title='bbox 1310 2563 1367 2590; x_wconf 89' lang='lat' dir='ltr'>on</span> <span class='ocrx_word' id='word_1_196' title='bbox 1388 2563 1432 2603; x_wconf 90' lang='lat' dir='ltr'>p.</span> <span class='ocrx_word' id='word_1_197' title='bbox 1454 2552 1523 2592; x_wconf 83' lang='lat'>35.</span> 
     </span>
    </p>
   </div>
   <div class='ocr_carea' id='block_1_3' title="bbox 248 2615 345 2659">
    <p class='ocr_par' dir='ltr' id='par_1_5' title="bbox 248 2615 345 2659">
     <span class='ocr_line' id='line_1_28' title="bbox 248 2615 345 2659; baseline 0.021 -2"><span class='ocrx_word' id='word_1_198' title='bbox 248 2615 345 2659; x_wconf 73' lang='lat'>284</span> 
     </span>
    </p>
   </div>
  </div>
 </body>
</html>
