1850 2964
191 1957 210 1995 1

718 141 809 192 ST.
848 142 1256 192 AUGUSTINE

238 281 512 341 scriptura:
543 276 800 341 Intellegite
819 293 945 341 ergo,
965 276 1046 342 qui
1061 276 1329 341 insipientes
1343 275 1453 323 estis
1471 273 1520 322 in
1528 271 1706 339 populo
1720 289 1743 326 ‚-

234 353 275 393 et
300 345 444 401 stulti,
471 345 725 410 aliquando
751 344 914 409 sapite.
985 345 1061 391 Eo
1090 348 1199 408 ipso
1231 347 1439 407 quippe,
1471 359 1572 406 quo
1597 356 1743 405 prae-

235 421 444 477 ceptum
479 421 635 476 atque
661 416 972 476 imperatum
1000 420 1079 459 est
1115 420 1174 459 ut
1199 411 1559 475 intellegamus
1587 416 1744 472 atque

236 486 508 545 sapiamuS,
535 481 916 528 oboedientiam
940 488 1167 527 nostram
1192 483 1423 543 requirit,
1450 494 1582 543 quae
1608 475 1749 524 nulla

235 557 409 613 potest
447 566 556 595 esse
594 552 701 595 sine
737 548 897 596 libero
935 550 1159 595 arbitrio.
1229 547 1331 595 Sed
1366 551 1407 594 si
1441 553 1616 610 posset
1650 543 1747 609 hoc

235 621 400 680 ipsun]
443 621 550 663 sine
594 618 845 664 adiutorio
888 620 1086 680 gratiae
1129 616 1238 662 fieri
1278 632 1371 679 per
1410 614 1628 661 liberum
1671 629 1746 658 ar-

235 687 463 740 bitrium,
508 692 567 731 ut
614 684 1032 748 intellegeremus
1083 692 1239 747 atque
1289 698 1602 746 saperemus,
1643 697 1747 727 non

236 754 492 800 diceretur
518 753 614 800 deo
640 770 650 798 z
689 752 775 799 Da
801 751 912 799 mihi
937 752 1230 808 intellectum,
1251 758 1300 798 ut
1323 751 1502 798 discam
1522 747 1747 797 mandata-

237 828 334 877 tua,
393 837 562 883 neque
621 824 675 866 in
734 820 999 884 evangelio
1059 824 1303 883 scriptum
1363 825 1533 866 esset:
1616 816 1748 864 Tunc

237 888 417 953 aperuit
467 888 563 935 illis
614 905 816 944 sensum,
867 895 917 935 ut
966 888 1279 952 intellegerent
1328 887 1603 951 scripturas,
1653 900 1749 930 nec

239 956 453 1003 Iacobus
504 956 762 1019 apostolus
811 957 1041 1003 diceret:
1102 956 1154 1003 Sz'
1201 955 1307 1020 quis
1355 962 1506 1002 autem
1547 960 1748 1000 vestrum

237 1024 412 1088 indiget
431 1024 678 1088 sapientia,
692 1024 895 1088 postulet
914 1041 942 1070 α
961 1024 1063 1080 deo,
1083 1023 1163 1089 qui
1181 1024 1263 1070 dat
1281 1022 1490 1070 omnibus
1509 1023 1751 1086 affluenter

237 1099 281 1138 et
321 1109 412 1140 non
453 1092 739 1157 inproperat,
782 1099 823 1138 et
864 1091 1050 1139 dabitur
1091 1091 1148 1138 ei.
1218 1091 1407 1139 Potens
1451 1098 1531 1137 est
1573 1096 1748 1136 autem

236 1161 489 1216 dominus,
524 1164 611 1224 qui
646 1167 700 1206 et
734 1161 874 1206 vobis
911 1161 1069 1207 donet
1105 1167 1158 1207 et
1191 1161 1354 1215 nobis,
1387 1166 1448 1206 ut
1481 1159 1545 1206 de
1580 1163 1750 1204 vestra

237 1245 362 1292 pace
384 1235 437 1275 et
455 1231 539 1291 pia
559 1232 889 1275 consensione
910 1232 1101 1274 nuntiis
1121 1227 1394 1274 celerrimis
1414 1227 1746 1291 gaudeamus.

236 1296 411 1343 Saluto
434 1313 521 1343 vos
544 1313 646 1343 non
668 1296 829 1343 solum
852 1313 968 1343 meo
991 1299 1214 1352 nomine,
1238 1296 1330 1343 sed
1353 1299 1510 1341 etiam
1531 1293 1749 1340 fratrum

237 1368 322 1428 qui
355 1381 559 1411 mecum
598 1372 735 1420 sunt,
772 1372 825 1410 et
864 1382 987 1428 rogo
1027 1372 1085 1411 ut
1125 1381 1217 1427 pro
1252 1364 1396 1410 nobis
1432 1362 1750 1409 concorditer

239 1440 396 1496 atque
464 1436 718 1479 instanter
786 1436 955 1479 oretis.
1043 1432 1120 1479 Sit
1179 1433 1438 1479 vobiscum
1497 1431 1746 1477 dominus

238 1501 422 1547 Amen.

716 1589 808 1635 No.
838 1595 892 1636 51
923 1589 1037 1653 (Ep.
1067 1589 1269 1653 CCXX)

234 1676 495 1718 DOMINO
533 1676 703 1718 FILIO
736 1677 804 1717 IN
842 1677 1267 1718 PRAESENTEM
1307 1677 1384 1717 ET
1415 1676 1483 1717 IN
1519 1675 1749 1716 AETER-

348 1742 490 1783 ΝΛΜ
526 1741 826 1783 SALUTEM
866 1742 974 1782 DEI
1013 1741 1485 1783 MISERICORDIA
1521 1739 1747 1782 PROTE-

352 1805 571 1848 GENDO
622 1807 699 1848 ET
749 1806 1054 1848 REGENDO
1106 1806 1452 1848 BONIFATIO
1504 1804 1747 1847 AUGUS-

351 1871 545 1912 TINUS

303 1948 608 1995 Fideliorem
663 1946 922 1994 hominem
979 1955 1032 1995 et
1087 1951 1174 2012 qui
1228 1947 1477 1995 faciliores
1531 1946 1750 1995 haberet

300 2049 317 2067 ⁰
337 2043 583 2083 Ps.xciii.8.
637 2043 1005 2084 st.cxviii.125.
1060 2050 1073 2068 ⁶
1093 2043 1424 2085 Lukexxiv.45.
1471 2044 1748 2085 dJamesi.5.

300 2103 315 2121 ²
349 2098 431 2138 See
469 2102 570 2138 note
607 2112 664 2138 on
701 2111 744 2150 p.
783 2101 880 2139 3922.
955 2099 1167 2139 Boniface
1203 2098 1292 2139 had
1329 2099 1442 2139 been
1477 2098 1667 2140 recalled
1703 2100 1749 2139 in

243 2153 445 2205 disgrace
468 2153 584 2192 from
609 2154 777 2200 Africa,
802 2153 883 2193 but
907 2153 1083 2193 refused
1106 2158 1152 2193 to
1175 2167 1247 2206 go.
1303 2153 1409 2193 War
1432 2167 1522 2194 was
1545 2153 1750 2194 declared

243 2222 300 2247 on
331 2208 422 2247 him
452 2208 496 2247 in
525 2209 623 2255 427,
653 2207 734 2247 but
763 2207 817 2248 he
845 2207 1024 2248 divided
1054 2208 1120 2247 his
1149 2212 1398 2260 opponents
1427 2207 1516 2248 and
1545 2207 1750 2249 defeated

242 2263 378 2302 them.
448 2261 578 2301 After
615 2275 642 2301 a
679 2262 832 2314 period
871 2263 922 2302 of
955 2262 1205 2310 hesitation,
1247 2262 1460 2303 Boniface
1496 2261 1638 2303 called
1675 2262 1750 2304 the

243 2314 445 2356 Vandals
478 2320 523 2355 to
557 2316 623 2355 his
657 2316 744 2363 aid,
779 2319 824 2357 in
861 2317 974 2368 May
1005 2319 1103 2357 429.
1166 2317 1261 2357 The
1292 2321 1470 2369 present
1501 2317 1628 2358 letter
1658 2330 1749 2358 was

244 2373 416 2411 written
446 2371 560 2410 after
592 2370 804 2411 Boniface
835 2371 924 2411 had
954 2371 1089 2411 fallen
1119 2373 1212 2412 into
1241 2370 1458 2423 disgrace‚
1488 2371 1571 2412 but
1599 2371 1750 2412 before

242 2428 350 2471 4293
382 2438 408 2464 a
428 2424 692 2465 translation
715 2427 766 2465 of
782 2428 814 2465 it
836 2427 869 2465 is
897 2427 1028 2477 given
1053 2426 1115 2477 by
1140 2425 1375 2478 Hodgkin,
1406 2426 1526 2478 Italy
1555 2427 1646 2466 and
1676 2427 1751 2466 her

247 2479 476 2526 luz-adm,
517 2481 720 2527 376-476,
757 2480 842 2520 vol.
885 2482 911 2520 i.
952 2493 1026 2532 pp.
1068 2482 1270 2520 495-503.
1354 2480 1438 2520 His
1476 2483 1666 2521 account
1703 2481 1755 2521 of

247 2535 404 2574 Aetius
432 2532 521 2572 and
544 2532 772 2582 Boniface,
799 2535 850 2574 ib.
873 2547 947 2587 pp.
971 2536 1174 2582 456—462,
1205 2533 1365 2575 should
1394 2534 1449 2575 be
1480 2534 1583 2575 read
1615 2533 1751 2588 along

244 2596 340 2635 414
