1866 2964
791 234 881 282 ST.
921 233 1329 281 AUGUSTINE

273 376 479 416 tantum
506 371 856 431 paratissimus
886 370 998 423 sim,
1028 370 1068 413 si
1103 367 1227 429 quid
1259 374 1314 413 te
1349 369 1402 412 in
1430 369 1557 413 meis
1590 368 1789 429 scriptis

272 441 507 492 moverit,
524 436 752 483 fraterne
772 439 1002 498 accipere
1027 435 1151 498 quid
1178 442 1355 482 contra
1379 438 1589 490 sentias,
1607 441 1698 480 aut
1723 434 1788 481 de

273 509 587 552 correctione
622 521 739 551 mea
775 511 866 551 aut
901 505 966 551 de
1000 507 1112 567 ipsa
1148 510 1241 550 tua
1269 502 1617 550 benivolentia
1651 505 1791 566 gavi-

275 591 437 629 surus,
461 590 638 619 verum
664 576 822 619 etiam
846 571 941 619 hoc
967 589 994 618 a
1019 579 1074 618 te
1098 570 1355 636 postulem
1381 588 1438 617 30
1461 570 1708 634 flagitem.

228 650 252 689 3
342 642 387 689 O
414 645 455 688 si
477 641 703 688 licuisset
729 644 827 688 etsi
851 658 954 688 non
983 639 1312 687 cohabitante
1337 638 1523 686 saltem
1546 641 1710 685 vicino
1734 644 1789 685 te

278 713 331 756 in
360 711 564 757 domino
593 707 787 772 perfrui
816 709 880 755 ad
908 709 1142 756 crebrum
1173 715 1227 756 et
1255 707 1402 755 dulce
1430 706 1755 770 conloquium
1779 705 1789 752 !

279 778 382 825 Sed
406 781 525 841 quia
548 779 601 824 id
633 795 735 824 non
761 784 840 824 est
864 777 1062 834 datum,
1085 784 1209 841 peto
1234 783 1292 822 ut
1324 775 1420 822 hoc
1450 779 1619 838 ipsum
1651 774 1790 838 quod

278 850 331 892 in
365 845 584 901 Christo,
617 863 771 909 quam
803 848 1071 908 possimus,
1104 843 1253 892 simul
1285 847 1458 900 simus,
1490 858 1790 890 conservare

279 915 488 979 studeas
514 921 568 960 et
593 917 769 978 augeri
794 931 851 960 ac
875 913 1049 976 perfici
1075 921 1129 961 et
1151 915 1400 975 rescripta
1423 914 1653 975 quamvis
1676 927 1792 957 rara

278 1000 381 1029 non
400 998 657 1044 spernere.
727 981 905 1028 Saluta
924 983 1169 1046 obsequio
1188 997 1304 1027 meo
1324 987 1559 1027 sanctum
1577 978 1792 1025 fratrem

281 1050 637 1097 Paulinianum
665 1057 718 1097 et
743 1067 919 1096 omnes
945 1049 1148 1106 fratres,
1174 1052 1261 1113 qui
1285 1056 1459 1095 tecum
1486 1065 1544 1094 30
1569 1048 1633 1095 de
1659 1054 1714 1094 te
1739 1049 1792 1092 in

281 1120 486 1166 domino
506 1119 753 1182 gaudent.
826 1118 1029 1165 Memor
1048 1121 1208 1165 nostri
1229 1117 1516 1164 exaudiaris
1538 1132 1568 1162 a
1587 1116 1793 1163 domino

280 1191 332 1233 in
355 1190 493 1234 omni
515 1194 691 1233 sancto
716 1187 986 1243 desiderio,
1010 1187 1214 1234 domine
1237 1188 1493 1232 carissime
1518 1190 1573 1231 et
1595 1184 1795 1231 deside-

281 1258 569 1302 rantissime
595 1262 649 1302 et
671 1254 967 1302 honorande
991 1258 1043 1301 in
1068 1254 1269 1302 Christo
1292 1252 1468 1300 frater.

712 1386 806 1433 No.
833 1393 888 1433 21
919 1386 1035 1450 (Ep.
1064 1385 1364 1449 LXXXIII)

295 1474 556 1516 DOMINO
640 1474 1024 1516 BEATISSIMO
1110 1474 1188 1514 ET
1272 1471 1792 1513 VENERABILITER

408 1539 754 1581 CARISSIMO
787 1540 865 1581 AC
899 1536 1528 1580 DESIDERANTISSIMO
1559 1535 1791 1577 FRATRI

413 1606 490 1646 ET
548 1604 934 1646 COEPISCOPO
983 1603 1218 1645 ALYPIO
1268 1603 1345 1644 ET
1401 1602 1514 1652 QUI
1571 1601 1790 1643 TECUM

411 1671 578 1712 SUNT
641 1669 997 1711 FRATRIBUS
1064 1667 1476 1711 AUGUSTINUS
1540 1667 1618 1708 ET
1678 1665 1793 1717 QUI

414 1736 647 1777 MECUM
686 1734 852 1776 SUNT
888 1733 1172 1776 FRATRES
1210 1734 1278 1775 IN
1314 1731 1575 1775 DOMINO
1610 1731 1797 1773 SALU-

412 1801 544 1842 TEM

240 1887 258 1925 1
348 1879 578 1925 Tristitia
613 1877 909 1924 Thiavensis
948 1876 1192 1924 ecclesiae
1229 1894 1314 1923 cor
1348 1892 1522 1922 meum
1558 1877 1798 1938 conquie-

351 1987 369 2005 α
399 1981 427 2022 J
432 1980 617 2021 erome’s
633 1994 836 2033 younger
850 1979 1154 2027 brother‚who
1170 1978 1251 2020 left
1268 1979 1410 2019 Rome
1419 1977 1525 2018 with
1541 1977 1633 2018 him
1650 1979 1696 2017 in
1711 1978 1795 2018 385

291 2035 381 2076 and
403 2035 560 2076 settled
582 2035 733 2076 beside
755 2035 847 2075 him
870 2037 915 2075 in
939 2034 1213 2075 Bethlehem.

353 2091 368 2114 ⁶
401 2091 441 2130 A
477 2089 605 2130 small
637 2095 757 2130 town
791 2089 983 2130 situated
1021 2089 1219 2130 between
1254 2088 1407 2140 Hippo
1445 2086 1535 2127 and
1569 2086 1794 2139 Tagaste;

294 2148 348 2186 its
364 2147 445 2186 site
459 2148 493 2185 is
510 2144 754 2185 unknown.
817 2145 880 2184 Its
897 2146 1046 2196 priest,
1072 2144 1346 2190 Honoratus,
1369 2140 1582 2193 formerly
1604 2154 1632 2181 a
1655 2139 1796 2181 monk

293 2200 436 2240 under
453 2199 645 2252 Alypius
663 2203 709 2240 at
726 2199 934 2251 Tagaste‚
953 2199 1042 2239 had
1071 2198 1173 2239 died
1200 2197 1377 2250 leaving
1404 2200 1631 2249 property,
1651 2195 1797 2235 which

293 2268 384 2295 was
395 2254 584 2295 claimed
597 2254 658 2306 by
669 2254 778 2295 both
791 2254 858 2294 his
870 2253 1035 2294 church
1048 2253 1137 2293 and
1151 2253 1218 2293 his
1231 2255 1499 2303 monastery.
1530 2251 1799 2303 Augustine‚

295 2323 344 2350 as
370 2309 622 2356 arbitrator,
649 2313 695 2349 at
719 2309 815 2349 first
841 2307 1031 2348 inclined
1058 2312 1104 2348 to
1131 2322 1188 2348 an
1215 2305 1348 2359 equal
1372 2306 1577 2352 division,
1604 2304 1686 2345 but
1710 2303 1798 2345 this

295 2364 490 2405 decision
527 2363 703 2417 greatly
739 2362 988 2415 displeased
1028 2363 1103 2403 the
1143 2359 1490 2414 church-people
1529 2364 1576 2400 at
1612 2359 1798 2407 Thiava,

296 2419 396 2459 who
423 2432 471 2459 as
492 2423 640 2459 recent
664 2422 866 2458 converts
891 2419 1007 2457 from
1030 2417 1265 2457 Donatism
1285 2414 1490 2468 required
1510 2412 1800 2465 conciliatory

294 2477 546 2514 treatment.
609 2474 739 2513 After
776 2472 949 2513 further
988 2471 1314 2512 consideration
1354 2468 1444 2510 and
1484 2467 1798 2516 consultation,

298 2530 551 2580 Augustine
589 2526 796 2567 awarded
834 2527 957 2567 them
994 2526 1070 2567 the
1107 2524 1264 2573 whole,
1303 2523 1393 2565 and
1430 2525 1576 2564 writes
1614 2536 1715 2563 now
1751 2526 1798 2563 to

296 2583 332 2622 T
335 2587 490 2635 agaste
522 2582 780 2635 explaining
809 2581 899 2621 and
927 2581 1168 2634 justifying
1201 2580 1268 2620 his
1301 2578 1466 2619 award.
1529 2577 1583 2618 In
1613 2578 1727 2630 spite
1751 2576 1804 2617 of

298 2637 365 2677 his
394 2637 589 2678 decision
618 2642 664 2678 to
684 2636 827 2678 admit
842 2640 888 2677 to
906 2637 1124 2677 monastic
1139 2635 1216 2676 life
1232 2636 1277 2675 in
1293 2633 1369 2676 the
1383 2634 1534 2675 future
1550 2631 1657 2685 only
1671 2631 1800 2673 those
