1866 2964
751 213 840 260 ST.
880 212 1289 260 AUGUSTINE

266 353 320 393 et
346 345 415 392 illi
442 347 585 393 nobis
611 346 922 393 videbuntur
946 344 1216 392 inhoneste
1244 352 1298 392 et
1321 348 1495 409 inique
1521 362 1576 392 se
1600 362 1775 409 passos

266 429 441 484 fuisse,
468 436 526 475 ut
561 429 924 475 adiuvarentur
951 428 1014 475 de
1043 428 1252 475 dimidio
1285 429 1423 491 quod
1453 435 1623 475 totum
1651 444 1776 491 pau-

264 528 445 574 perum
469 510 656 557 fuerat.
728 510 859 556 Nam
886 510 1023 574 quod
1048 510 1221 557 dixisti
1246 526 1256 556 :
1299 509 1327 525 “
1354 510 1652 558 Cavendum
1678 509 1775 566 est,

264 610 329 639 ne
379 610 493 639 cum
546 610 654 639 rem
708 594 917 640 dubiam
967 593 1228 639 emendari
1287 591 1536 648 volumus,
1582 595 1775 639 maiora

269 675 479 722 vulnera
512 673 811 731 faciamus,''
846 675 1156 721 tantundem
1194 674 1404 731 valebit,
1438 678 1479 721 si
1518 678 1588 721 eis
1631 675 1776 722 dimi-

265 759 405 805 dium
440 759 764 805 concedatur.
836 757 1052 820 Propter
1084 760 1251 820 ipsum
1285 760 1476 820 quippe
1509 757 1775 804 dimidium

263 839 350 895 illi,
390 857 606 903 quorum
645 843 960 887 conversioni
998 838 1261 886 consulere
1299 839 1548 895 volumus,
1587 846 1646 886 ut
1682 838 1778 885 hoc

266 922 502 985 exemplo
538 940 710 969 secum
747 930 948 985 agatur,
982 939 1152 968 rerum
1188 939 1393 969 suarum
1427 922 1776 969 venditionem

263 1022 356 1068 per
392 1023 557 1051 moras
594 1004 703 1051 illas
743 1007 1087 1051 excusatorias
1125 1003 1331 1051 dilaturi
1367 1011 1502 1051 sunt.
1571 1003 1775 1051 Deinde

265 1091 448 1133 mirum
482 1091 521 1133 si
559 1088 622 1134 de
655 1104 709 1133 re
748 1088 903 1134 dubia
936 1094 1015 1134 est
1050 1090 1209 1133 totius
1240 1086 1404 1149 plebis
1439 1094 1548 1133 tam
1579 1086 1774 1150 grande

265 1169 578 1225 scandalum,
626 1187 741 1216 cum
789 1173 1051 1232 episcopos
1098 1186 1231 1224 suos,
1278 1186 1404 1232 quos
1449 1186 1541 1232 pro
1586 1185 1775 1233 magno

265 1251 478 1308 habent,
507 1253 708 1299 sordida
738 1255 950 1298 avaritia
978 1251 1258 1298 maculatos
1286 1258 1494 1314 putant,
1520 1252 1642 1298 dum
1668 1268 1776 1297 ma-

265 1334 403 1398 ligna
428 1338 622 1397 species
647 1352 748 1381 non
772 1338 964 1381 vitatur
987 1335 1005 1380 ?

215 1425 239 1464 3
330 1417 462 1463 Nam
492 1435 607 1463 cum
637 1420 853 1480 quisque
884 1417 949 1464 ad
979 1419 1348 1464 monasterium
1376 1419 1708 1472 convertitur,
1737 1419 1777 1462 si

267 1503 432 1546 veraci
469 1501 619 1547 corde
657 1503 988 1556 convertitur,
1023 1499 1148 1546 illud
1186 1517 1288 1546 non
1323 1503 1518 1563 cogitat
1552 1501 1776 1546 maxime

267 1583 557 1629 admonitus
591 1590 842 1645 quantum
865 1581 1058 1628 malum
1082 1585 1163 1628 sit.
1232 1581 1283 1628 Si
1308 1589 1482 1628 autem
1511 1580 1668 1628 fallax
1698 1588 1778 1629 est

268 1672 322 1711 et
345 1682 433 1711 sua
457 1665 655 1729 quaerit,
680 1682 770 1711 non
794 1682 915 1729 quae
936 1664 1045 1711 Iesu
1075 1663 1266 1720 Christi,
1289 1681 1391 1711 non
1412 1663 1574 1711 habet
1596 1667 1777 1728 utique

267 1750 538 1793 caritatem
573 1754 626 1793 et
660 1746 775 1811 quid
805 1746 847 1793 ei
873 1746 1081 1811 prodest,
1114 1746 1156 1794 si
1188 1745 1472 1794 distribuerit
1502 1745 1658 1794 omnia
1690 1764 1778 1794 sua

261 1827 550 1893 pauperibus
582 1836 623 1875 et
661 1828 905 1875 tradiderit
938 1846 1106 1893 corpus
1138 1846 1289 1885 suum,
1314 1835 1363 1876 ut
1395 1828 1596 1876 ardeat?
1662 1829 1778 1877 Huc

269 1912 467 1958 accedit
487 1915 607 1975 quia
623 1910 764 1967 illud,
783 1914 912 1958 sicut
932 1914 1033 1957 iam
1053 1910 1305 1958 conlocuti
1325 1928 1515 1967 sumus,
1535 1911 1776 1974 deinceps

266 1996 415 2039 vitari
447 2000 622 2056 potest
659 2001 713 2040 et
751 1997 835 2057 agi
872 2011 987 2040 cum
1022 2010 1082 2040 eo
1119 1997 1205 2057 qui
1238 1997 1570 2049 convertitur,
1602 1997 1642 2040 si
1675 2011 1776 2040 non

267 2082 441 2138 potest
475 2076 680 2122 admitti
713 2076 778 2122 ad
810 2079 1112 2122 societatem
1144 2074 1379 2131 fratrum,
1412 2082 1691 2139 antequam
1723 2092 1777 2122 se

268 2158 501 2203 omnibus
517 2156 611 2203 illis
628 2158 1009 2220 impedimentis
1027 2161 1227 2204 exuerit
1245 2165 1298 2204 et
1315 2175 1377 2204 ex
1394 2161 1499 2204 otio
1514 2158 1778 2214 tendatur,

269 2256 384 2285 cum
414 2242 520 2285 eius
548 2256 628 2286 res
656 2243 757 2285 iam
788 2256 897 2286 esse
926 2240 1202 2286 destiterit.
1271 2240 1414 2286 Haec
1443 2247 1617 2286 autem
1644 2256 1779 2287 mors

268 2321 582 2367 infirmorum
612 2329 665 2368 et
693 2329 898 2368 tantum
926 2322 1354 2384 impedimentum
1383 2321 1559 2369 salutis
1588 2338 1782 2378 eorum,

270 2420 360 2465 pro
400 2404 583 2465 quibus
622 2410 895 2466 tantopere
933 2403 1241 2460 laboramus,
1280 2411 1338 2451 ut
1377 2421 1463 2450 eos
1501 2403 1782 2450 catholicae

270 2487 382 2546 paci
403 2483 674 2540 lucremur,
698 2484 846 2531 aliter
867 2489 1014 2531 vitari
1037 2503 1138 2532 non
1160 2493 1351 2548 potest,
1373 2489 1467 2532 nisi
1490 2493 1548 2532 ut
1571 2488 1783 2548 apertis-

396 2600 415 2618 α
447 2594 561 2635 Phil.
585 2596 628 2635 ii.
651 2597 721 2644 21,
1291 2595 1307 2620 ὁ
1344 2600 1359 2645 l
1387 2595 1487 2639 Cor.
1510 2597 1599 2637 xiii.
1622 2599 1663 2642 3„

287 2665 378 2712 138
