1866 2964
779 176 869 229 ST.
908 178 1318 228 AUGUSTINE

292 316 429 379 quod
458 332 560 361 non
589 321 799 361 sumunt
826 317 986 377 ipsae,
1017 314 1108 360 sed
1137 314 1231 360 sibi
1260 315 1430 376 potius
1461 309 1805 376 gratulentur,

289 422 406 482 quia
456 418 627 464 valent
677 418 815 481 quod
851 434 953 463 non
984 416 1158 463 valent
1188 415 1320 462 illae.
1389 416 1460 462 Et
1491 419 1532 462 si
1565 418 1636 461 eis
1669 429 1802 478 quae

288 529 538 567 venerunt
571 538 634 567 ex
663 522 887 567 moribus
914 520 1291 567 delicatioribus
1323 519 1387 566 ad
1417 521 1802 572 monasterium,

287 624 478 687 aliquid
507 623 883 680 alimentorum,
911 627 1355 679 vestimentorum,
1383 629 1800 685 stramentorum,

285 731 722 790 operimentorum
756 727 924 782 datur,
959 727 1096 790 quod
1130 726 1237 773 aliis
1270 725 1563 773 fortioribus
1597 732 1651 772 et
1682 725 1799 772 ideo

281 829 585 877 felicioribus
621 848 721 877 non
757 830 925 886 datur,
961 834 1187 894 cogitare
1224 831 1436 886 debent,
1472 830 1658 893 quibus
1693 845 1796 874 non

285 935 453 990 datur,
484 941 735 997 quantum
765 934 828 981 de
867 951 956 980 sua
994 933 1239 980 saeculari
1268 937 1373 981 vita
1407 933 1524 980 illae
1555 933 1620 980 ad
1647 935 1799 979 istam

284 1039 679 1094 descenderunt,
707 1041 936 1101 quamvis
968 1055 1128 1102 usque
1157 1038 1221 1085 ad
1253 1037 1483 1094 aliarum,
1515 1053 1646 1100 quae
1679 1042 1799 1082 sunt

283 1158 490 1204 corpore
514 1140 766 1197 fortiores,
789 1140 1141 1206 frugalitatem
1164 1145 1431 1205 pervenire
1454 1143 1795 1204 nequiverint.

282 1245 390 1291 Nec
461 1244 591 1291 velle
666 1246 877 1301 debent,
948 1246 1085 1309 quod
1158 1262 1242 1292 eas
1314 1246 1492 1292 vident
1562 1243 1797 1307 amplius,

281 1366 382 1394 non
416 1351 533 1411 quia
567 1348 899 1404 honorantur,
933 1350 1023 1396 sed
1057 1353 1175 1412 quia
1209 1348 1512 1404 tolerantur,
1547 1351 1795 1410 accipere,

279 1468 343 1498 ne
362 1455 628 1516 contingat
649 1453 958 1499 detestanda
976 1456 1302 1516 perversitas,
1320 1460 1378 1499 ut
1395 1456 1448 1498 in
1464 1454 1798 1507 monasterio,

280 1557 384 1611 ubi,
416 1563 667 1619 quantum
697 1564 929 1619 possunt,
961 1557 1090 1603 fiunt
1122 1558 1306 1604 divites
1336 1556 1637 1612 laboriosae,
1668 1555 1794 1602 fiant

279 1676 531 1722 pauperes
565 1659 832 1706 delicatae.
904 1659 1054 1716 Sane,
1089 1677 1242 1724 quem
1277 1661 1342 1708 ad
1373 1661 1582 1707 modum
1617 1676 1793 1723 aegro-

278 1769 450 1809 tantes
478 1779 685 1809 necesse
712 1762 907 1810 habent
937 1767 1103 1810 minus
1132 1768 1378 1827 accipere,
1405 1781 1469 1810 ne
1495 1770 1792 1828 graventur,

277 1868 351 1912 ita
383 1874 498 1928 post
533 1867 911 1930 aegritudinem
945 1870 1013 1913 sic
1045 1869 1347 1915 tractandae
1382 1875 1518 1923 sunt,
1551 1874 1610 1914 ut
1641 1870 1790 1914 citius

278 1977 592 2025 recreentur,
620 1973 777 2016 etiam
803 1973 843 2016 si
870 1971 933 2017 de
960 1969 1242 2017 humillima
1269 1971 1455 2018 saeculi
1480 1978 1790 2034 paupertate

274 2079 544 2128 venerunt,
596 2080 863 2137 tamquam
915 2073 1009 2120 hoc
1060 2074 1155 2121 illis
1208 2075 1484 2122 contulerit
1534 2078 1789 2122 recentior

275 2176 561 2238 aegritudo,
592 2177 729 2239 quod
758 2177 999 2224 divitibus
1031 2181 1255 2224 anterior
1284 2179 1617 2226 consuetudo.
1688 2177 1790 2225 Sed

272 2294 385 2323 cum
404 2281 532 2324 vires
552 2282 790 2341 pristinas
810 2284 1177 2342 reparaverint,
1192 2282 1410 2328 redeant
1426 2283 1491 2329 ad
1510 2281 1788 2328 feliciorem

272 2382 695 2428 consuetudinem
718 2399 879 2439 suam,
902 2400 1033 2446 quae
1055 2382 1272 2431 famulas
1295 2386 1377 2432 dei
1400 2393 1549 2432 tanto
1573 2385 1787 2448 amplius

270 2483 438 2539 decet,
482 2492 676 2547 quanto
718 2489 884 2532 minus
927 2487 1181 2550 indigent,
1224 2504 1318 2535 nec
1360 2490 1429 2535 ibi
1475 2505 1560 2535 eas
1604 2495 1785 2535 teneat

274 2623 370 2671 386
