1866 2964
765 176 856 226 ST.
894 178 1302 226 AUGUSTINE

281 310 419 373 quod
453 311 669 374 populus
707 311 1069 374 Hipponiensis
1105 309 1286 358 fecisse
1321 318 1534 375 putatus
1572 318 1668 368 est,
1697 311 1790 359 sed

278 396 538 440 intentato
574 401 719 440 metu
755 397 931 441 mortis
970 396 1360 441 existimationis
1397 401 1620 450 nostrae,
1657 410 1789 457 quae

279 483 489 538 propter
518 475 741 522 infirmos
779 477 962 539 quibus
993 493 1082 524 nos
1118 477 1367 539 praebere
1402 477 1467 524 ad
1497 476 1790 539 exemplum

280 557 529 604 bonorum
541 575 753 621 operum
766 558 1125 621 qualicumque
1137 562 1520 606 conversatione
1532 575 1792 612 conamur,

282 643 439 686 etiam
464 643 600 687 vitae
625 644 787 687 carnis
811 640 959 687 huius
985 644 1164 704 utique
1188 641 1553 704 praeponenda
1577 648 1671 688 est.

231 732 256 770 9
344 721 535 768 Verum
561 730 738 769 tamen
763 724 902 769 vobis
925 740 1016 770 nos
1041 726 1115 770 ita
1140 724 1442 787 cogentibus
1467 730 1526 770 ut
1550 726 1793 779 iuremus,

281 821 383 850 non
438 821 808 861 suscensemus,
865 809 996 852 sicut
1052 822 1137 852 vos
1195 805 1631 869 Hipponiensibus
1687 821 1794 852 sus-

281 891 516 933 censetis.
587 887 806 934 Creditis
845 890 999 944 enim,
1035 895 1302 952 tamquam
1337 887 1568 934 homines
1605 888 1670 935 de
1705 886 1795 934 ho-

281 971 520 1026 minibus,
551 973 648 1016 etsi
680 986 741 1016 ea
771 987 903 1033 quae
932 973 986 1016 in
1014 971 1158 1017 nobis
1188 987 1291 1017 non
1319 978 1457 1027 sunt,
1486 987 1589 1017 non
1617 977 1795 1017 tamen

284 1068 345 1098 ea
382 1069 513 1115 quae
550 1055 603 1098 in
638 1053 783 1099 nobis
822 1069 932 1099 esse
969 1070 1071 1100 non
1106 1060 1335 1117 possunt.
1422 1052 1661 1100 Sananda
1694 1055 1794 1099 ista

284 1138 336 1180 in
356 1136 514 1190 vobis,
535 1152 637 1181 non
657 1136 941 1183 accusanda
957 1143 1093 1193 sunt,
1112 1143 1165 1183 et
1181 1143 1355 1183 nostra
1369 1135 1638 1200 purganda
1652 1135 1792 1182 vobis

285 1224 363 1263 est
400 1215 556 1273 fama,
595 1221 635 1263 si
676 1225 755 1265 est
794 1218 998 1265 domino
1036 1225 1258 1283 purgata
1297 1221 1623 1265 conscientia.
1693 1216 1794 1276 Qui

282 1297 497 1346 fortasse
534 1301 837 1362 praestabit,
871 1303 1001 1347 sicut
1044 1308 1165 1348 ante
1209 1314 1366 1364 quam
1398 1301 1664 1348 accidisset
1694 1302 1795 1346 ista

283 1385 558 1444 temptatio
577 1399 672 1446 ego
690 1389 744 1429 et
759 1381 919 1430 frater
934 1400 1078 1430 meus
1098 1383 1314 1447 Alypius
1334 1382 1587 1430 conlocuti
1602 1398 1793 1437 sumus,

282 1471 340 1510 ut
376 1481 478 1510 non
513 1465 676 1511 solum
712 1466 852 1512 vobis
895 1468 1161 1512 carissimis
1199 1466 1554 1513 commembris
1591 1467 1792 1519 nostris,

283 1563 460 1593 verum
490 1551 647 1594 etiam
676 1551 795 1610 ipsis
824 1551 1037 1594 inimicis
1067 1551 1388 1595 notissimum
1418 1548 1509 1594 fiat
1536 1547 1675 1594 nulla
1702 1562 1792 1593 nos

284 1629 567 1692 cupiditate
604 1633 853 1692 pecuniae
881 1633 934 1676 in
960 1631 1112 1677 rebus
1143 1631 1494 1677 ecclesiasticis
1531 1629 1792 1676 sordidari.

284 1710 435 1769 Quod
453 1711 615 1758 donec
640 1711 748 1768 fiat,
766 1715 806 1758 si
825 1712 1057 1759 dominus
1077 1713 1289 1760 donabit
1314 1720 1372 1759 ut
1391 1712 1498 1768 fiat,
1518 1728 1634 1758 ecce
1659 1727 1794 1758 nunc

282 1797 508 1850 interim,
558 1795 696 1857 quod
747 1798 975 1859 cogimur
1027 1793 1258 1851 facimus,
1305 1811 1370 1841 ne
1423 1797 1580 1841 vestri
1631 1793 1793 1841 cordis

284 1876 591 1923 medicinam
658 1880 712 1923 in
779 1884 1027 1940 quantam
1092 1877 1221 1924 libet
1286 1894 1482 1923 moram
1548 1878 1793 1938 temporis

284 1957 590 2005 differamus.
663 1959 804 2005 Deus
851 1962 999 2006 testis
1048 1966 1127 2006 est
1173 1962 1325 2006 istam
1372 1975 1577 2006 omnem
1622 1974 1793 2004 rerum

285 2041 739 2087 ecclesiasticarum
791 2044 1220 2104 procurationem,
1273 2058 1488 2105 quarum
1541 2040 1794 2087 credimur

285 2140 456 2169 amare
491 2124 828 2179 dominatum,
861 2131 1071 2186 propter
1104 2127 1406 2170 servitutem
1439 2139 1591 2186 quam
1627 2122 1792 2170 debeo

284 2209 485 2252 caritati
503 2203 721 2252 fratrum
742 2212 795 2252 et
814 2209 984 2252 timori
1003 2206 1104 2261 dei,
1123 2206 1341 2252 tolerare
1361 2222 1463 2262 me,
1482 2221 1584 2251 non
1603 2220 1793 2259 amare,

285 2291 359 2334 ita
394 2295 451 2334 ut
487 2304 565 2343 ea,
599 2291 639 2334 si
674 2288 811 2334 salvo
845 2287 1006 2334 officio
1039 2291 1245 2350 possim,
1280 2303 1452 2334 carere
1487 2286 1789 2334 desiderem.

286 2369 392 2416 Nec
418 2369 555 2416 aliud
580 2386 661 2416 me
689 2370 752 2416 de
779 2368 936 2416 fratre
962 2386 1078 2416 meo
1104 2369 1290 2433 Alypio
1316 2372 1506 2416 sentire
1531 2372 1639 2432 ipse
1666 2368 1791 2415 deus

888 2559 907 2578 ⁰
939 2553 1064 2594 Titus
1086 2555 1129 2594 ii.
1153 2557 1193 2594 7.

294 2626 389 2666 240
