1866 2964
783 205 874 254 ST.
913 208 1322 256 AUGUSTINE

291 336 499 399 placent
531 339 649 394 ista,
684 346 931 402 urgeatur
967 358 996 386 a
1030 340 1222 388 clericis
1259 349 1313 389 et
1348 342 1807 389 sanctificatoribus

295 408 396 451 suis
417 413 474 451 ut
494 409 630 452 intra
649 414 854 454 octavas
875 425 991 455 suas
1011 416 1182 456 totum
1203 411 1341 473 quod
1360 414 1498 457 vovit
1523 410 1768 457 exsolvat.

245 480 272 518 4
362 473 551 520 Potens
590 482 668 521 est
705 476 913 539 quidem
949 477 1166 524 dextera
1203 479 1395 525 domini
1425 495 1558 542 quae
1582 478 1806 526 furorem

291 540 423 588 illius
456 559 483 587 a
514 546 700 589 misera
729 545 883 591 vidua
914 552 967 591 et
998 545 1229 592 desolata
1260 554 1552 610 compescat
1584 555 1638 594 et
1669 564 1806 603 eum,

295 611 478 672 quibus
524 612 688 658 modis
735 616 894 668 novit,
944 630 973 659 a
1018 621 1128 660 tam
1175 614 1426 661 scelerata
1472 616 1804 678 dispositione

293 678 574 725 deterreat.
641 679 832 726 Verum
876 688 1054 727 tamen
1099 699 1195 746 ego
1239 690 1388 730 tanto
1433 686 1588 729 animi
1632 682 1806 730 dolore

293 763 561 808 percussus
596 749 720 810 quid
752 747 995 806 facerem,
1030 753 1124 796 nisi
1159 750 1343 798 saltem
1377 750 1655 814 loquerer?
1723 752 1807 798 An

295 831 415 861 vero
434 818 533 861 ista
553 814 624 861 illi
643 814 839 863 faciunt
862 825 915 864 et
936 817 1059 863 mihi
1081 819 1266 865 dicitur
1290 836 1300 866 ε
1339 819 1473 866 Tace
1499 821 1517 866 ?
1586 820 1807 866 Avertat

296 899 322 928 a
362 900 446 929 me
485 884 719 930 dominus
757 884 888 931 hanc
928 890 1225 942 amentiam,
1265 895 1340 943 ut,
1380 905 1496 934 cum
1533 890 1642 950 ipse
1681 886 1806 933 mihi

292 953 513 1013 imperet
548 968 640 1014 per
673 953 960 1015 apostolum
997 971 1145 1001 suum
1187 962 1239 1002 et
1284 956 1422 1002 dicat
1467 956 1531 1002 ab
1568 958 1805 1018 episcopo

295 1017 453 1082 refelli
486 1027 694 1083 oportere
723 1020 952 1077 docentes,
977 1040 1097 1086 quae
1135 1040 1225 1069 non
1259 1030 1451 1088 oportet,
1477 1040 1573 1087 ego
1604 1022 1804 1070 illorum

293 1088 730 1151 indignationibus
779 1094 989 1137 territus
1038 1098 1256 1138 taceam.
1326 1091 1478 1150 Quod
1528 1095 1664 1138 enim
1713 1108 1807 1154 pu-

296 1155 437 1202 blicis
469 1160 628 1219 gestis
660 1156 873 1204 haerere
906 1158 1039 1205 volui
1071 1167 1179 1206 tam
1212 1159 1515 1224 sacrilegum
1547 1158 1710 1215 nefas,
1743 1160 1809 1206 ad

297 1222 391 1270 hoc
427 1228 606 1287 utique
641 1225 793 1281 volui,
828 1243 892 1272 ne
927 1244 1010 1273 me
1047 1231 1317 1291 quisquam
1351 1231 1575 1274 maxime
1609 1231 1663 1274 in
1698 1226 1808 1274 aliis

295 1294 606 1349 civitatibus,
631 1295 719 1340 ubi
747 1302 1094 1356 opportunum
1122 1295 1296 1352 fuerit,
1320 1299 1421 1342 ista
1451 1295 1806 1359 deplorantem

297 1360 490 1424 fingere
519 1361 711 1424 aliquid
738 1364 1033 1419 arbitretur,
1062 1365 1266 1427 quando
1296 1367 1454 1410 etiam
1483 1365 1620 1427 apud
1645 1368 1809 1427 ipsam

297 1429 591 1491 Hipponem
629 1433 731 1476 iam
771 1431 957 1478 dicitur
994 1449 1097 1478 non
1136 1431 1231 1479 hoc
1271 1432 1627 1479 Proculianum
1665 1449 1809 1478 man-

296 1497 462 1552 dasse,
485 1499 623 1561 quod
645 1498 905 1561 publicum
928 1504 1244 1547 renuntiavit
1266 1501 1500 1547 officium.

246 1576 271 1612 5
361 1565 498 1624 Quid
530 1574 707 1612 autem
738 1568 1020 1614 modestius
1055 1585 1209 1632 agere
1241 1585 1527 1631 possumus,
1560 1584 1714 1631 quam
1748 1574 1807 1614 ut

296 1640 405 1679 tam
439 1652 648 1698 gravem
683 1652 889 1681 causam
924 1653 1015 1698 per
1049 1644 1103 1683 te
1139 1644 1316 1683 tamen
1352 1654 1520 1701 agam,
1553 1639 1719 1682 virum
1756 1643 1811 1682 et

293 1701 569 1748 clarissima
603 1703 859 1766 dignitate
894 1705 1187 1766 praeditum
1223 1712 1277 1751 et
1311 1705 1811 1752 considerantissima

296 1769 561 1817 voluntate
581 1771 913 1834 tranquillum
937 1773 954 1818 ἒ
1024 1772 1152 1819 Peto
1172 1776 1346 1837 igitur,
1366 1776 1497 1819 sicut
1514 1776 1616 1818 iam
1641 1775 1804 1835 petivi

295 1855 387 1900 per
410 1837 596 1885 fratres
623 1848 839 1895 nostros,
866 1841 1024 1887 bonos
1052 1849 1209 1904 atque
1237 1840 1478 1888 honestos
1505 1844 1655 1896 viros,
1683 1856 1809 1904 quos

297 1907 362 1953 ad
407 1914 551 1953 tuam
599 1911 955 1955 eximietatem
1002 1912 1132 1964 misi,
1181 1917 1239 1956 ut
1286 1925 1535 1973 quaerere
1583 1909 1807 1972 digneris

298 1982 472 2021 utrum
507 1975 792 2022 Proculiani
826 1978 1098 2041 presbyter
1134 1977 1307 2024 Victor
1337 1995 1439 2024 non
1480 1976 1576 2024 hoc
1608 1978 1672 2023 ab
1706 1979 1812 2039 epi-

363 2165 381 2183 ‘2
412 2159 506 2200 The
531 2159 653 2212 eight
677 2159 789 2212 days
813 2160 1011 2201 between
1038 2161 1194 2201 Easter
1217 2160 1307 2201 and
1331 2160 1407 2202 the
1430 2159 1619 2211 Sunday
1642 2158 1812 2200 follow-

306 2216 396 2266 ing,
417 2214 581 2267 during
599 2215 742 2255 which
761 2217 868 2255 time
888 2215 1132 2268 neophytes
1152 2229 1267 2256 wore
1285 2215 1398 2256 their
1415 2215 1547 2255 white
1564 2218 1806 2267 garments.

305 2269 447 2309 These
472 2284 585 2310 were
612 2274 693 2321 put
720 2269 785 2309 off
807 2284 865 2310 on
891 2270 967 2310 the
992 2270 1086 2311 first
1113 2270 1301 2322 Sunday
1326 2271 1441 2310 after
1467 2270 1637 2316 Easter,
1664 2268 1809 2309 which

305 2337 394 2363 was
428 2324 566 2364 hence
597 2324 738 2364 called
771 2324 1005 2365 Dominica
1037 2326 1082 2365 ‘in
1117 2326 1230 2365 albis
1261 2338 1311 2365 or
1342 2325 1448 2365 Dies
1479 2324 1807 2376 neophytorum,

304 2378 393 2418 and
418 2379 492 2419 the
516 2378 660 2430 newly
684 2379 890 2431 baptized
915 2394 1028 2420 were
1049 2380 1155 2420 then
1179 2378 1439 2420 introduced
1462 2383 1509 2419 to
1531 2379 1606 2419 the
1630 2378 1808 2419 Church

305 2447 354 2473 as
374 2433 456 2473 full
480 2433 712 2474 members.

365 2487 380 2511 b
454 2490 461 2497 .
523 2490 530 2497 .

367 2548 381 2566 ⁰
412 2488 702 2583 {itriolulilalnus
721 2557 810 2582 was
827 2543 901 2583 the
921 2544 1126 2584 Donatist
1144 2543 1303 2596 bishop
1321 2544 1372 2583 of
1384 2543 1551 2595 Hippo,
1570 2555 1596 2582 a
1613 2540 1806 2582 trouble-

304 2610 425 2638 some
442 2598 690 2650 neighbour
706 2602 751 2638 to
769 2599 1020 2650 Augustine
1037 2598 1148 2639 until
1171 2599 1238 2639 his
1253 2598 1387 2639 death
1404 2597 1542 2638 about
1563 2600 1660 2637 411.
1710 2596 1805 2636 The

308 2662 372 2715 96
