1866 2964
788 160 878 207 ST.
917 159 1324 207 AUGUSTINE

304 310 405 339 non
431 300 548 339 sunt
576 296 878 348 necessaria,
904 296 1007 338 sive
1035 292 1171 355 quod
1195 291 1340 354 plura
1364 294 1472 354 ipse
1497 289 1646 337 huius
1670 290 1808 337 modi

303 369 497 429 cogites
553 372 709 428 atque
765 364 966 410 utiliora
1021 368 1124 411 sive
1180 364 1318 427 quod
1369 371 1492 410 tuae
1546 365 1810 409 sanctitati

302 437 556 483 medicina
591 441 689 482 ista
726 454 828 482 non
866 453 991 498 opus
1029 440 1114 492 sit,
1148 435 1284 482 mala
1319 442 1497 482 tamen
1532 451 1650 481 mea
1685 440 1811 480 nota

303 513 404 555 sint
443 511 537 556 tibi
575 512 824 571 sciasque,
862 509 997 555 unde
1036 525 1127 571 pro
1165 525 1281 554 mea
1317 507 1617 554 infirmitate
1655 504 1810 554 deum

302 598 483 644 rogare
523 582 763 644 digneris.
832 580 983 639 Quod
1023 587 1080 626 ut
1118 583 1471 643 inpensissime
1509 578 1685 634 facias,
1724 579 1812 624 ob-

304 670 444 699 secro
472 670 564 715 per
591 652 969 699 humanitatem
996 651 1145 707 illius,
1174 655 1261 715 qui
1286 659 1622 715 praeceptum
1650 651 1813 705 dedit,

305 732 364 771 ut
411 728 627 771 invicem
678 741 833 770 onera
881 731 1056 771 nostra
1103 731 1383 787 portemus.
1454 723 1626 769 Multa
1674 728 1812 776 sunt,

305 814 437 860 quae
493 798 556 843 de
612 804 785 843 nostra
841 800 946 842 vita
1001 803 1054 843 et
1108 799 1493 843 conversatione
1547 794 1809 849 deflerem,

307 886 437 931 quae
474 868 661 915 nollem
697 886 790 931 per
817 868 1016 915 litteras
1047 869 1113 915 ad
1141 875 1195 914 te
1226 871 1417 924 venire,
1446 868 1538 914 sed
1564 870 1701 914 inter
1729 883 1814 913 cor

305 958 478 987 meum
516 948 569 987 et
606 959 690 987 cor
725 948 873 987 tuum
909 940 1047 987 nulla
1085 947 1257 987 essent
1291 943 1574 987 ministeria
1607 945 1816 1002 praeter

306 1030 360 1059 os
389 1030 561 1060 meum
593 1020 645 1059 et
676 1030 823 1059 aures
852 1020 983 1059 tuas.
1054 1011 1105 1059 Si
1135 1020 1310 1059 autem
1338 1011 1641 1059 venerabilis
1669 1011 1814 1057 nobis

307 1089 636 1148 omniumque
696 1093 928 1131 nostrum
986 1092 1101 1132 tota
1158 1088 1454 1131 sinceritate
1512 1086 1816 1139 carissimus,

307 1161 447 1204 cuius
474 1161 525 1203 in
553 1165 606 1204 te
635 1174 752 1203 vere
779 1157 1079 1213 fraternam,
1106 1174 1221 1204 cum
1248 1173 1490 1220 praesens
1519 1173 1702 1212 essem,
1727 1156 1816 1202 be-

306 1234 615 1294 nignitatem
655 1231 985 1293 studiumque
1022 1233 1280 1292 perspexi,
1316 1246 1475 1275 senex
1513 1228 1816 1275 Saturninus

308 1306 347 1348 si
367 1303 608 1366 dignatus
627 1301 801 1358 fuerit,
820 1303 1025 1365 quando
1044 1309 1389 1365 opportunum
1408 1302 1622 1357 videbit,
1641 1301 1708 1348 ad
1725 1317 1816 1346 nos

308 1379 499 1431 venire,
551 1376 793 1438 quicquid
843 1392 958 1421 cum
1011 1378 1118 1421 eius
1170 1378 1447 1421 sanctitate
1499 1381 1555 1420 et
1604 1372 1817 1436 spiritali

309 1447 495 1494 affectu
513 1447 748 1510 conloqui
765 1450 1101 1509 potuerimus,
1120 1454 1209 1493 aut
1228 1446 1352 1492 nihil
1370 1453 1461 1493 aut
1477 1463 1579 1492 non
1596 1445 1817 1492 multum

309 1521 539 1575 distabit,
557 1537 614 1565 ac
631 1523 802 1566 sicum
819 1527 909 1566 tua
927 1520 1224 1583 dignatione
1241 1519 1295 1566 id
1311 1535 1595 1584 ageremus.
1664 1517 1817 1577 Quod

308 1600 367 1638 ut
394 1593 658 1638 nobiscum
688 1593 752 1638 ab
783 1609 843 1638 eo
871 1599 1052 1654 petere
1083 1598 1240 1654 atque
1268 1594 1546 1653 impetrare
1575 1591 1819 1654 digneris,

306 1667 466 1710 tantis
494 1665 730 1726 precibus
759 1680 930 1726 posco,
959 1666 1165 1727 quantis
1194 1664 1350 1710 verba
1378 1662 1517 1709 nulla
1545 1662 1816 1709 sufficiunt.

308 1738 614 1783 Absentiam
648 1739 783 1782 enim
816 1753 985 1782 meam
1017 1743 1223 1782 tantum
1254 1734 1407 1798 longe
1440 1735 1818 1798 Hipponienses

309 1808 645 1855 vehementer
687 1811 939 1871 nimisque
983 1807 1263 1854 formidant
1305 1824 1475 1871 neque
1520 1807 1622 1854 ullo
1665 1807 1818 1854 modo

309 1880 433 1927 mihi
458 1884 528 1927 sic
552 1880 730 1927 volunt
752 1882 961 1928 credere
987 1888 1043 1927 ut
1071 1887 1124 1927 et
1149 1897 1245 1944 ego
1269 1881 1427 1926 vobis.

375 1955 574 2017 Agrum
606 1952 849 1999 fratribus
883 1953 1063 1999 datum
1097 1955 1383 2015 provisione
1419 1959 1473 1999 et
1505 1951 1818 1999 liberalitate

310 2033 402 2073 tua
448 2026 715 2072 didicimus
763 2032 885 2072 ante
933 2024 1206 2087 epistulam
1253 2031 1398 2070 tuam
1445 2040 1538 2086 per
1584 2031 1818 2071 sanctum

313 2096 527 2144 fratrem
567 2105 619 2144 et
656 2114 955 2144 conservum
992 2104 1223 2143 nostrum
1261 2095 1614 2152 Parthenium,
1651 2113 1681 2142 a
1718 2113 1819 2159 quo

312 2169 475 2216 multa
511 2169 626 2225 alia,
663 2186 795 2233 quae
833 2169 1008 2215 audire
1045 2169 1482 2224 desiderabamus,
1518 2169 1818 2216 audivimus.

313 2241 605 2288 Praestabit
646 2241 899 2296 dominus,
941 2247 1000 2286 ut
1043 2244 1201 2287 etiam
1244 2247 1436 2296 cetera,
1478 2257 1611 2303 quae
1655 2239 1821 2287 adhuc

312 2313 679 2368 desideramus,
700 2312 1028 2375 impleantur.

955 2522 972 2540 ⁰
994 2515 1095 2558 Gal.
1116 2518 1172 2557 vi.
1194 2519 1237 2557 2.

325 2609 387 2649 54
