1866 2964
772 194 863 242 ST.
901 195 1310 243 AUGUSTINE

286 330 414 376 Inde
443 336 521 375 est
554 329 693 391 quod
721 328 934 375 deorum
959 327 1238 375 multorum
1270 328 1616 394 falsorumque
1643 333 1796 378 simu-

284 404 418 451 lacra
459 411 513 451 et
550 404 809 466 praedixit
849 420 1083 450 eversum
1120 407 1181 450 iri
1221 411 1275 451 et
1313 409 1578 469 praecepit
1618 410 1796 453 everti.

285 479 423 526 Nihil
469 483 605 526 enim
649 478 880 525 homines
926 486 1035 526 tam
1079 479 1398 527 insociabiles
1442 482 1615 529 reddit
1658 485 1796 529 vitae

283 558 622 618 perversitate
661 571 813 618 quan]
852 553 1053 600 illorum
1091 555 1304 602 deorum
1340 559 1580 612 imitatio,
1618 556 1795 621 quales

284 631 642 677 describuntur
666 636 720 675 et
743 630 1169 676 commendantur
1191 629 1376 677 litteris
1402 647 1593 678 eorum.

234 714 261 750 4
349 705 589 768 Denique
638 703 710 750 illi
759 704 1038 751 doctissimi
1086 708 1178 750 viri
1238 709 1325 769 qui
1372 723 1483 752 rem
1539 706 1797 770 publicam

284 784 651 844 civitatemque
687 787 966 836 terrenam,
998 780 1160 844 qualis
1193 784 1264 828 eis
1297 798 1407 828 esse
1440 783 1630 829 debere
1661 783 1800 830 vide-

284 857 455 912 batur,
483 859 646 919 magis
680 856 971 902 domesticis
1002 856 1434 918 disputationibus
1466 859 1800 921 requirebant

280 931 362 978 vel
390 935 548 977 etiam
575 931 954 986 describebant,
982 947 1137 994 quam
1163 930 1378 994 publicis
1416 934 1699 980 actionibus
1725 936 1800 979 in-

284 1007 574 1053 stituebant
612 1013 770 1069 atque
808 1004 1119 1062 formabant,
1157 1010 1391 1071 egregios
1429 1015 1587 1072 atque
1624 1007 1799 1056 lauda-

284 1082 411 1130 biles
443 1099 567 1145 quos
596 1082 855 1145 putabant
883 1080 1114 1128 homines
1139 1086 1310 1145 potius
1341 1100 1495 1147 quam
1529 1085 1651 1131 deos
1681 1101 1797 1132 suos

283 1158 558 1204 imitandos
585 1158 945 1220 proponebant
974 1158 1286 1205 erudiendae
1313 1158 1471 1206 indoli
1498 1162 1797 1207 iuventutis.

284 1234 354 1280 Et
385 1250 440 1280 re
470 1250 591 1280 vera
621 1233 962 1280 Terentianus
995 1232 1079 1280 ille
1111 1233 1410 1281 adulescens
1440 1239 1527 1299 qui
1560 1243 1798 1299 spectans

283 1309 514 1356 tabulam
556 1313 749 1373 pictam
791 1313 845 1355 in
887 1313 1103 1372 pariete,
1150 1311 1236 1357 ubi
1278 1314 1480 1374 pictura
1520 1315 1690 1359 inerat
1733 1313 1797 1360 de

284 1385 536 1432 adulterio
574 1388 709 1449 regis
757 1385 988 1441 deorum,
1026 1384 1291 1432 libidinem
1339 1403 1441 1450 qua
1485 1388 1802 1450 rapiebatur,

283 1460 500 1507 stimulis
551 1463 709 1506 etiam
757 1467 938 1506 tantae
989 1464 1310 1508 auctoritatis
1360 1463 1612 1519 accendit,
1659 1462 1798 1510 nullo

282 1537 434 1583 modo
465 1539 518 1582 in
549 1535 674 1583 illud
705 1535 958 1600 flagitium
991 1536 1071 1582 vel
1102 1538 1506 1600 concupiscendo
1537 1538 1800 1586 laberetur

283 1612 363 1658 vel
389 1612 736 1675 perpetrando
763 1615 1158 1676 inmergeretur,
1186 1616 1226 1659 si
1255 1613 1507 1661 Catonem
1533 1614 1799 1662 maluisset

282 1692 471 1735 imitari
499 1706 653 1752 quam
682 1688 856 1735 Iovem
881 1704 892 1744 3
938 1689 1029 1736 sed
1056 1707 1156 1752 quo
1182 1697 1335 1753 pacto
1362 1691 1415 1738 id
1440 1690 1654 1748 faceret,
1681 1709 1797 1739 cum

283 1768 334 1810 in
378 1764 584 1827 templis
630 1765 842 1811 adorare
888 1772 1160 1828 cogeretur
1207 1765 1381 1813 Iovem
1425 1770 1596 1830 potius
1642 1785 1796 1831 quam

284 1841 577 1887 Catonem?
663 1840 854 1887 Verum
897 1839 1024 1887 haec
1068 1857 1132 1887 ex
1174 1843 1439 1890 comoedia
1481 1845 1665 1907 quibus
1705 1847 1799 1890 im-

282 1919 482 1978 piorum
514 1915 663 1962 luxus
699 1922 752 1961 et
785 1915 1031 1979 sacrilega
1065 1920 1362 1979 superstitio
1394 1921 1800 1975 convinceretur,

283 1990 511 2054 proferre
558 1990 773 2038 forsitan
816 2009 919 2038 non
965 1992 1229 2039 debemus.
1317 1993 1459 2058 Lege
1504 1993 1585 2041 vel
1629 1994 1797 2042 recole

282 2071 335 2113 in
381 2068 575 2114 eisdem
621 2066 760 2113 libris
807 2083 962 2130 quam
1007 2068 1291 2130 prudenter
1336 2070 1616 2117 disseratur
1660 2069 1799 2117 nullo

281 2143 434 2190 modo
485 2146 714 2206 potuisse
767 2146 1067 2205 scriptiones
1122 2151 1176 2190 et
1229 2147 1456 2192 actiones
1507 2149 1665 2209 recipi
1717 2163 1799 2194 co-

281 2219 618 2274 moediarum,
669 2222 763 2265 nisi
814 2236 980 2265 mores
1030 2223 1389 2282 recipientium
1440 2229 1796 2269 consonarent.

285 2293 367 2340 Ita
390 2293 779 2340 clarissimorum
804 2296 1024 2340 virorum
1049 2297 1100 2340 in
1124 2311 1180 2341 re
1205 2294 1408 2357 publica
1433 2295 1797 2344 excellentium

346 2478 365 2496 ‘²
400 2473 504 2512 Lev.
530 2474 644 2512 xxvi.
667 2475 722 2512 30
741 2489 752 2518 ;
794 2471 931 2512 Ezek.
954 2474 1010 2513 vi.
1033 2476 1074 2521 4,
1096 2487 1194 2514 xxx.
1223 2477 1297 2521 133
1330 2474 1440 2515 HOS.
1461 2489 1502 2515 x.
1524 2478 1576 2522 Ως
1607 2479 1634 2516 3
1649 2476 1792 2529 Kings

289 2542 358 2567 xv.
389 2531 544 2572 11-13;
578 2530 602 2566 2
628 2527 791 2567 Chron.
816 2529 933 2568 xxiii.
963 2531 1028 2575 17,
1052 2530 1166 2570 xxxi.
1197 2532 1232 2577 l,
1256 2530 1403 2570 xxxiii.
1433 2532 1497 2577 15,
1521 2532 1664 2571 xxxiv.
1688 2533 1777 2572 3-4.

348 2581 364 2605 ὸ
395 2581 494 2623 Ter.
517 2581 634 2622 Eun.
659 2584 861 2624 584-591.

295 2646 385 2695 156
