1866 2964
751 201 842 248 ST.
880 202 1287 250 AUGUSTINE

262 336 479 380 invicem
518 333 848 396 corporaliter
885 335 1098 398 digressi
1136 351 1327 391 sumus,
1366 337 1553 397 accepi.
1623 334 1771 382 Nunc

263 439 382 469 vero
412 422 516 487 legi
549 422 821 486 epistulam
852 424 1188 488 benignitatis
1220 431 1343 471 tuae
1376 424 1441 471 de
1475 424 1683 470 Donato
1716 429 1771 470 et

263 510 421 558 fratre
451 516 556 558 eius
586 520 656 568 et,
677 513 800 575 quid
826 513 1208 575 responderem,
1228 514 1315 560 diu
1341 512 1598 560 fluctuavi.
1668 512 1770 560 Sed

260 607 438 647 tamen
478 605 635 648 etiam
676 609 833 665 atque
873 605 1031 648 etiam
1070 606 1338 666 cogitanti,
1377 602 1500 666 quid
1538 605 1604 648 sit
1643 600 1770 648 utile

260 689 412 736 saluti
450 707 624 737 eorum
661 692 844 754 quibus
874 692 1159 738 nutriendis
1191 695 1244 737 in
1274 690 1475 738 Christo
1507 693 1770 747 servimus,

259 778 383 825 nihil
410 779 533 825 mihi
564 779 701 827 aliud
730 797 992 827 occurrere
1022 784 1193 843 potuit
1221 783 1316 827 nisi
1344 798 1447 827 non
1477 797 1587 827 esse
1614 783 1768 827 istam

259 872 392 914 viam
417 869 640 916 dandam
664 873 819 916 servis
844 870 945 925 dei,
970 877 1027 916 ut
1050 869 1246 916 facilius
1270 886 1323 916 se
1347 876 1537 932 putent
1560 869 1679 933 eligi
1703 869 1768 916 ad

259 957 451 1021 aliquid
484 958 684 1014 melius,
720 962 759 1005 si
794 957 917 1005 facti
953 957 1144 1005 fuerint
1180 960 1477 1006 deteriores.
1544 959 1615 1005 Et
1647 961 1768 1021 ipsis

258 1050 393 1093 enim
426 1046 585 1094 facilis
617 1047 788 1110 lapsus
823 1055 875 1094 et
910 1048 1072 1095 ordini
1105 1047 1400 1095 clericorum
1435 1048 1493 1094 fit
1524 1048 1769 1111 indignis-

255 1139 381 1182 sima
402 1139 602 1192 iniuria,
625 1140 664 1183 si
687 1138 974 1184 desertores
997 1140 1422 1184 monasteriorum
1446 1137 1511 1184 ad
1531 1136 1766 1183 militiam

257 1225 523 1272 clericatus
542 1225 818 1289 eliguntur,
836 1244 951 1273 cum
969 1243 1032 1273 ex
1048 1225 1143 1282 his,
1160 1230 1247 1290 qui
1262 1230 1314 1272 in
1328 1229 1639 1273 monasterio
1653 1242 1768 1289 per-

254 1322 484 1370 manent,
506 1332 607 1361 non
628 1322 805 1362 tamen
825 1318 921 1361 nisi
940 1317 1258 1378 probatiores
1281 1322 1437 1378 atque
1458 1314 1693 1361 meliores
1713 1318 1766 1360 in

254 1403 446 1450 clerum
475 1404 743 1451 adsumere
772 1403 1043 1460 soleamus,
1071 1407 1166 1451 nisi
1193 1403 1346 1460 forte,
1373 1407 1504 1451 sicut
1532 1403 1766 1468 vulgares

254 1493 449 1548 dicunt,
488 1492 516 1507 “
540 1492 702 1539 malus
739 1492 979 1540 choraula
1014 1494 1176 1540 bonus
1202 1492 1594 1557 symphoniacus
1633 1491 1767 1549 est,’'

253 1585 325 1628 ita
360 1582 498 1628 idem
532 1585 628 1644 ipsi
658 1581 892 1646 vulgares
928 1583 992 1629 de
1028 1583 1173 1629 nobis
1202 1584 1506 1629 iocabuntur
1534 1582 1766 1629 dicentes

254 1669 281 1685 “
305 1670 468 1717 malus
490 1670 768 1718 monachus
790 1673 953 1718 bonus
976 1671 1185 1718 clericus
1209 1670 1341 1718 est.'’
1409 1671 1570 1718 Nimis
1592 1670 1766 1718 dolen-

253 1760 393 1816 dum,
425 1763 465 1806 si
498 1761 563 1807 ad
593 1767 701 1807 tam
732 1763 989 1807 ruinosam
1021 1762 1313 1823 superbiam
1343 1759 1618 1807 monachos
1649 1761 1766 1807 sub-

252 1851 462 1912 rigimus
487 1857 538 1896 et
561 1857 669 1896 tam
692 1852 833 1913 gravi
855 1849 1165 1896 contumelia
1187 1849 1392 1896 clericos
1415 1850 1594 1913 dignos
1615 1856 1766 1912 puta-

252 1955 382 1994 mus,
405 1941 456 1984 in
480 1956 695 2002 quorum
719 1955 932 1986 numero
956 1956 1146 1994 sumus,
1170 1956 1285 1986 cum
1309 1938 1582 2002 aliquando
1606 1941 1763 1985 etiam

252 2028 414 2073 bonus
444 2027 721 2074 monachus
753 2031 835 2074 vix
866 2029 1057 2074 bonum
1088 2027 1325 2074 clericum
1356 2026 1530 2084 faciat,
1559 2030 1600 2074 si
1631 2028 1765 2074 adsit

254 2119 299 2162 ei
344 2117 593 2163 sufficiens
638 2120 956 2163 continentia
1002 2124 1055 2163 et
1098 2124 1276 2163 tamen
1320 2117 1454 2164 desit
1495 2119 1764 2163 instructio

253 2209 536 2252 necessaria
562 2213 650 2252 aut
674 2222 923 2268 personae
947 2205 1193 2270 regularis
1216 2209 1503 2270 integritas.

209 2303 233 2341 2
319 2293 420 2341 Sed
461 2295 525 2341 de
566 2298 694 2351 istis,
735 2295 905 2350 credo,
948 2296 1196 2342 arbitrata
1237 2298 1303 2341 sit
1343 2294 1613 2341 beatitudo
1654 2301 1764 2350 tua,

252 2383 389 2446 quod
414 2391 587 2430 nostra
611 2383 896 2439 voluntate,
922 2391 978 2430 ut
1004 2387 1104 2430 suis
1129 2387 1299 2446 potius
1323 2382 1762 2447 conregionalibus

251 2471 401 2518 utiles
422 2480 612 2528 essent,
631 2473 695 2519 de
715 2476 1025 2519 monasterio
1043 2475 1387 2519 recessissent.
1458 2470 1560 2519 Sed
1577 2470 1760 2518 falsum

251 2568 330 2607 est
353 2576 365 2616 ;
433 2568 617 2627 sponte
669 2562 925 2618 abierunt,
977 2568 1160 2624 sponte
1212 2561 1550 2609 deseruerunt
1600 2561 1763 2617 nobis,

264 2666 356 2708 120
