1866 2964
753 192 845 240 ST.
884 192 1293 239 AUGUSTINE

273 327 543 386 pecuniam
584 324 847 371 cuiusdam
885 327 1129 370 rusticani
1168 324 1337 371 divino
1377 324 1515 386 apud
1553 339 1607 370 se
1646 339 1781 370 com-

273 393 518 438 mendato
542 395 910 447 intervertisse,
934 395 1006 438 ita
1032 400 1089 438 ut
1114 390 1305 438 nullam
1327 393 1447 439 inde
1470 398 1646 454 posset
1668 408 1783 454 pro-

272 459 497 506 babilem
523 460 740 506 reddere
766 463 1036 506 rationem.
1106 460 1310 506 Deinde
1337 463 1597 506 convictus
1623 467 1782 522 atque

273 526 534 574 confessus
573 535 652 574 est
689 528 772 574 die
807 531 982 574 ieiunii
1019 527 1204 574 natalis
1241 528 1450 583 domini,
1486 545 1587 591 quo
1625 531 1783 573 etiam

273 595 553 658 Gippitana
604 595 815 642 ecclesia
866 599 996 642 sicut
1045 602 1250 642 ceterae
1299 597 1618 651 ieiunabant,
1667 612 1782 641 cum

273 671 540 726 tamquam
584 671 910 726 perrecturus
956 664 1021 710 ad
1067 663 1331 710 ecclesiam
1376 681 1521 710 suam
1566 663 1594 679 “
1617 662 1731 709 vale
1755 661 1784 678 ''

272 730 478 778 fecisset
495 730 722 795 collegae
740 749 830 778 suo
846 733 1150 795 presbytero
1168 731 1466 794 Gippitano,
1480 730 1605 778 hora
1620 729 1783 777 ferme

272 803 471 862 quinta,
508 806 561 846 et
598 816 713 845 cum
749 816 922 846 secum
958 799 1153 846 nullum
1188 799 1427 847 clericum
1461 799 1698 854 haberet,
1732 801 1786 845 in

274 868 457 914 eodem
475 865 634 914 fundo
652 871 902 914 restitisse
924 875 975 913 et
997 868 1135 930 apud
1153 869 1411 930 quandam
1429 867 1595 914 malae
1613 866 1784 913 famae

273 934 542 981 mulierem
568 943 622 982 et
645 936 909 998 prandisse
941 943 995 981 et
1020 952 1229 982 cenasse
1256 943 1309 982 et
1338 939 1390 982 in
1421 935 1603 982 eadem
1633 936 1784 982 domo

274 1006 535 1049 mansisse.
606 1003 667 1049 In
719 1002 868 1050 huius
921 1011 1097 1050 autem
1148 1003 1370 1067 hospitio
1421 1007 1523 1050 iam
1576 1004 1785 1067 quidam

275 1071 484 1117 clericus
521 1078 697 1118 noster
733 1072 1096 1134 Hipponiensis
1131 1079 1360 1119 remotus
1397 1079 1544 1127 erat3
1600 1079 1655 1118 et
1690 1070 1786 1118 hoc

276 1142 393 1201 quia
411 1142 510 1185 iste
528 1143 721 1201 optime
739 1147 971 1195 noverat,
987 1157 1178 1204 negare
1194 1158 1296 1187 non
1311 1143 1500 1203 potuit,
1515 1157 1635 1186 nam
1652 1155 1785 1203 quae

275 1210 503 1270 negavit,
548 1208 645 1254 deo
691 1208 875 1263 dimisi,
919 1209 1148 1255 iudicans
1193 1225 1326 1271 quae
1371 1207 1628 1255 occultare
1672 1224 1787 1271 per-

275 1278 456 1321 missus
474 1292 577 1321 non
596 1282 689 1321 est.
758 1275 925 1321 Timui
953 1279 997 1322 ei
1016 1279 1339 1323 committere
1359 1276 1623 1323 ecclesiam
1640 1292 1789 1339 prae-

275 1346 452 1389 sertim
486 1346 623 1389 inter
657 1342 1032 1390 haereticorum
1066 1344 1556 1391 circumlatrantium
1589 1345 1786 1391 rabiem

275 1414 626 1457 constitutam.
695 1411 763 1457 Et
783 1429 898 1458 cum
917 1429 1000 1458 me
1020 1420 1245 1476 rogaret,
1263 1420 1321 1459 ut
1341 1413 1407 1460 ad
1424 1413 1786 1476 presbyterum

274 1477 420 1525 fundi
446 1480 864 1526 Armenianensis
889 1483 941 1526 in
968 1497 1148 1543 campo
1172 1480 1416 1536 Bullensi,
1441 1481 1578 1528 unde
1605 1481 1671 1527 ad
1695 1497 1786 1527 nos

276 1547 575 1602 devenerat,
614 1564 765 1593 causa
807 1551 913 1594 eius
951 1552 1209 1595 insinuata
1246 1548 1446 1595 litteras
1486 1549 1681 1604 darem,
1718 1565 1784 1595 ne

277 1615 401 1677 quid
439 1615 502 1661 de
540 1614 625 1661 illo
665 1619 883 1662 atrocius
922 1620 1283 1679 suspicaretur,
1320 1624 1379 1664 ut
1415 1616 1515 1664 illic
1551 1620 1708 1672 Vivat,
1745 1619 1786 1663 si

278 1683 385 1728 fieri
410 1690 602 1744 potest,
628 1686 736 1729 sine
762 1684 922 1730 officio
950 1685 1258 1748 presbyterii
1282 1689 1571 1741 correctior,
1593 1687 1788 1732 miseri-

275 1751 445 1797 cordia
481 1758 766 1798 commotus
811 1750 924 1798 feci.
992 1751 1135 1799 Haec
1171 1759 1347 1799 autem
1382 1769 1466 1800 me
1511 1756 1786 1816 praecipue

275 1818 582 1880 prudentiae
619 1826 742 1865 tuae
778 1822 1017 1867 intimare
1054 1822 1347 1883 oportebat,
1383 1838 1448 1868 ne
1485 1820 1656 1885 aliqua
1691 1822 1784 1868 tibi

276 1885 475 1932 fallacia
498 1887 818 1949 subreperet.

233 1963 257 2001 2
343 1955 531 2001 Audivi
552 1962 727 2001 autem
748 1972 953 2002 causam
975 1959 1101 2012 eius,
1120 1973 1235 2003 cum
1255 1964 1465 2003 centum
1485 1957 1593 2004 dies
1614 1963 1788 2004 essent

276 2022 341 2068 ad
357 2022 665 2069 dominicum
676 2022 1011 2087 paschae,qui
1025 2023 1226 2072 futurus
1245 2032 1324 2072 est
1340 2024 1467 2072 VIII
1487 2025 1563 2073 Id.
1582 2025 1788 2088 Aprilis.

278 2089 389 2136 Hoc
411 2098 623 2153 propter
646 2091 912 2138 concilium
936 2095 1193 2139 insinuare
1216 2096 1386 2140 curavi
1409 2093 1785 2141 venerabilitati

279 2164 419 2214 tuae,
443 2159 580 2221 quod
603 2162 760 2206 etiam
782 2162 877 2222 ipsi
899 2177 1001 2206 non
1023 2160 1200 2217 celavi,
1222 2161 1313 2208 sed
1335 2164 1382 2208 ei
1405 2161 1643 2218 fideliter,
1663 2162 1786 2226 quid

340 2355 357 2372 ‘¹
391 2349 477 2389 For
492 2350 578 2390 this
595 2349 683 2390 late
701 2364 778 2391 use
795 2352 845 2391 of
861 2365 961 2391 nam
980 2365 1050 2392 see
1068 2350 1434 2400 Stolz-Schmalz,
1449 2352 1548 2394 Lat.
1568 2352 1783 2394 Gramm.⁵

281 2406 450 2497 Ξέρόῖξὶς
474 2404 693 2499 Ιῐξῗῒεὲᾶῒ,
711 2404 888 2457 Pereyr.
906 2407 1035 2446 Aeth.
1053 2420 1096 2459 p.
1114 2410 1194 2454 343
1220 2407 1540 2456 Linderbauer‚
1559 2407 1603 2449 S.
1620 2408 1782 2450 Bened.

343 2471 531 2554 g'lpliere
544 2490 657 2554 viere
676 2518 721 2554 at
740 2513 849 2576 least
867 2519 955 2555 two
974 2514 1122 2567 places
1141 2515 1281 2557 called
1303 2515 1454 2557 Bulla:
1476 2515 1607 2557 Bulla
1626 2516 1785 2570 Regia,

282 2566 357 2606 the
389 2567 574 2608 modern
606 2568 827 2622 Derradji,
857 2568 942 2610 five
973 2569 1099 2611 miles
1127 2571 1245 2612 from
1277 2570 1404 2612 Souk
1436 2570 1492 2612 El
1522 2571 1662 2621 Arba,
1694 2571 1785 2613 and

287 2638 380 2693 124
