1866 2964
787 147 878 194 ST.
917 146 1325 194 AUGUSTINE

301 288 507 344 patrum
533 279 810 327 translatus
836 279 1028 326 inlicite
1057 280 1327 327 diceretur.
1397 280 1505 326 Aut
1531 295 1651 326 vero
1677 281 1811 342 quis-

303 366 458 413 quam
493 352 565 395 ita
604 365 713 395 esse
757 349 915 395 debet
957 351 1060 394 sive
1103 350 1390 394 severitatis
1432 350 1536 394 sive
1577 346 1811 394 lenitatis

304 424 529 472 exactor,
562 424 637 473 ut,
670 420 756 480 qui
788 434 890 462 non
920 419 1011 462 visi
1042 415 1235 462 fuerint
1267 419 1588 478 episcopatus
1620 414 1811 462 honore

302 486 551 549 privandi,
578 484 715 531 nullo
741 485 893 531 modo
919 488 971 530 in
999 487 1070 530 eis
1099 483 1290 547 aliquid
1315 484 1617 538 vindicetur,
1645 489 1735 529 aut
1759 486 1812 528 in

304 554 486 616 quibus
512 552 703 616 aliquid
725 556 886 599 Visum
910 551 1066 599 fuerit
1089 552 1466 608 vindicandum,
1490 554 1812 614 episcopatus

303 621 495 668 honore
519 625 784 684 priventur
808 622 825 667 ?

255 697 280 736 8
368 690 614 736 Existunt
654 688 1038 752 exempla-ipsa
1077 689 1197 735 sede
1239 687 1515 751 apostolica
1552 687 1812 734 iudicante

304 757 385 804 vel
428 757 640 804 aliorum
681 758 907 804 iudicata
950 757 1185 803 firmante
1230 756 1478 819 quosdam
1519 772 1610 818 pro
1653 754 1812 817 culpis

305 826 610 889 quibusdam
629 842 722 872 nec
743 824 1014 888 episcopali
1033 824 1273 887 spoliatos
1291 823 1481 870 honore
1500 840 1594 869 nec
1610 822 1813 869 relictos

305 894 606 940 omnimodis
632 897 906 957 inpunitos.
978 893 1123 951 Quae
1151 900 1207 939 ut
1235 909 1263 938 a
1288 895 1472 939 nostris
1497 891 1814 954 temporibus

305 965 645 1009 remotissima
708 979 810 1008 non
872 964 1147 1024 requiram,
1210 963 1438 1007 recentia
1500 960 1811 1006 memorabo.

306 1030 507 1077 Clamet
548 1030 763 1085 Priscus,
802 1033 1090 1092 provinciae
1132 1029 1472 1075 Caesariensis
1513 1031 1814 1090 episcopus:

303 1097 332 1114 “
359 1099 467 1145 Aut
493 1099 558 1145 ad
581 1102 858 1161 primatum
882 1097 1020 1144 locus
1045 1101 1175 1144 sieut
1199 1099 1383 1143 ceteris
1409 1103 1462 1142 et
1486 1095 1610 1142 mihi
1633 1102 1814 1158 patere

306 1167 485 1213 debuit
519 1174 608 1213 aut
641 1170 963 1229 episcopatus
995 1165 1119 1212 mihi
1148 1181 1416 1211 remanere
1447 1181 1550 1210 non
1581 1161 1814 1210 debuit.’'

306 1234 507 1281 Clamet
549 1234 673 1281 alius
716 1235 946 1281 eiusdem
985 1237 1274 1296 provinciae
1315 1233 1490 1279 Victor
1531 1235 1814 1294 episcopus,

305 1306 385 1349 cui
407 1302 584 1349 relicto
607 1306 659 1349 in
684 1304 866 1350 eadem
888 1319 1055 1365 poena
1082 1304 1136 1348 in
1166 1318 1267 1365 qua
1298 1304 1455 1347 etiam
1479 1299 1675 1346 Priscus
1698 1297 1815 1354 fuit,

305 1388 557 1435 nusquam
578 1374 673 1417 nisi
693 1375 745 1417 in
767 1372 986 1418 dioecesi
1008 1373 1115 1416 eius
1138 1371 1201 1416 ab
1225 1369 1392 1433 aliquo
1413 1371 1817 1415 communicatur

308 1443 562 1502 episcopo,
594 1439 799 1495 clamet,
829 1442 1039 1502 inquam
1065 1455 1074 1484 :
1125 1438 1152 1453 “
1178 1439 1287 1484 Aut
1318 1438 1508 1500 ubique
1539 1438 1817 1483 communi-

307 1525 421 1554 care
450 1509 605 1555 debui
634 1515 723 1554 aut
752 1511 909 1554 etiam
935 1510 987 1553 in
1014 1509 1140 1553 meis
1167 1506 1287 1552 locis
1314 1508 1687 1552 communicare
1715 1520 1817 1550 non

308 1575 515 1623 debui.''
584 1576 785 1623 Clamet
811 1578 994 1622 tertius
1022 1575 1250 1622 eiusdem
1275 1576 1564 1637 provinciae
1592 1571 1817 1618 Lauren-

369 1729 387 1746 ‘2
418 1722 702 1763 Translation
726 1723 843 1763 from
870 1736 955 1762 one
981 1735 1052 1762 see
1077 1725 1123 1761 to
1149 1720 1337 1761 another
1362 1732 1453 1759 was
1478 1717 1707 1770 definitely
1729 1718 1819 1758 for-

308 1777 574 1873 {iddenlby
602 1778 678 1819 the
713 1776 901 1818 Council
935 1778 986 1817 of
1018 1776 1188 1816 Nicaea
1222 1774 1400 1828 (Canon
1428 1774 1551 1826 XV.)
1581 1772 1671 1814 and
1707 1772 1818 1814 later

350 1846 482 1872 ouncl
502 1846 535 1873 s.

373 1889 388 1913 ὓ
420 1887 503 1928 His
525 1889 651 1939 point
672 1889 707 1927 is
727 1886 826 1927 that
855 1886 978 1926 there
1008 1884 1169 1926 should
1198 1885 1254 1925 be
1284 1897 1407 1924 some
1427 1884 1544 1923 form
1564 1883 1615 1923 of
1631 1881 1815 1934 punish-

305 1947 427 1983 ment
442 1943 511 1982 for
527 1942 764 1990 offenders,
782 1940 978 1993 midway
991 1940 1190 1980 between
1206 1939 1282 1980 the
1302 1942 1519 1979 extremes
1535 1938 1586 1978 of
1595 1935 1815 1989 complete

307 1998 548 2049 immunity
569 1996 659 2037 and
679 1996 899 2048 complete
920 1995 1186 2047 deposition.

372 2058 385 2076 ⁶
418 2052 593 2092 Priscus
617 2064 707 2091 was
729 2051 889 2102 bishop
914 2050 963 2091 of
987 2050 1131 2100 Quiza
1155 2051 1199 2089 in
1222 2052 1320 2089 411.
1372 2046 1566 2088 Victor’s
1588 2059 1660 2087 see
1683 2047 1718 2086 is
1743 2048 1821 2086 not

312 2106 493 2154 known,
521 2107 603 2147 but
628 2106 897 2146 Laurentius
922 2117 1012 2144 was
1038 2104 1198 2156 bishop
1225 2103 1274 2143 of
1297 2103 1505 2150 Icosium,
1532 2101 1607 2142 the
1633 2099 1818 2141 modern

312 2166 430 2202 town
463 2161 512 2201 of
538 2160 729 2213 Algiers‚
760 2159 850 2200 and
881 2172 929 2199 as
960 2158 1069 2199 such
1100 2159 1155 2198 he
1184 2170 1375 2210 appears
1404 2160 1452 2197 at
1480 2156 1555 2196 the
1586 2154 1743 2207 Synod
1773 2154 1823 2195 of

313 2216 538 2268 Carthage
575 2217 620 2255 in
658 2218 756 2255 419.
825 2214 1014 2254 Further
1050 2212 1315 2265 particulars
1352 2211 1401 2251 of
1434 2211 1548 2251 their
1583 2222 1707 2250 cases
1744 2222 1820 2249 are

313 2272 526 2322 wanting.
582 2269 681 2310 One
707 2282 755 2309 or
779 2269 905 2308 other
929 2268 978 2308 of
998 2268 1120 2308 them
1145 2269 1181 2307 is
1205 2264 1428 2318 probably
1450 2265 1526 2306 the
1549 2277 1650 2304 case
1674 2263 1818 2303 which

313 2324 421 2365 took
441 2325 694 2376 Augustine
714 2327 760 2363 to
784 2323 1066 2363 Mauretania
1088 2322 1229 2362 about
1246 2323 1330 2361 418
1354 2320 1399 2372 (“
1414 2319 1581 2360 litteras
1603 2349 1613 2360 .
1637 2348 1648 2360 .
1674 2349 1684 2359 .
1707 2330 1819 2370 quas

317 2379 373 2419 ad
400 2379 731 2419 Mauretaniam
758 2377 1090 2418 Caesariensem
1118 2377 1290 2422 misisti,
1312 2388 1382 2414 me
1401 2373 1524 2426 apud
1554 2372 1816 2413 Caesaream

316 2437 547 2487 praesente
567 2436 798 2479 venerunt,
815 2445 905 2484 qno
927 2444 1006 2471 nos
1027 2432 1225 2471 iniuncta
1247 2429 1374 2470 nobis
1395 2442 1421 2469 a
1442 2426 1682 2468 venerabili
1701 2439 1820 2478 papa

316 2490 493 2530 Zosimo
530 2486 799 2539 apostolicae
838 2486 953 2526 sedis
997 2487 1206 2539 episcopo
1249 2483 1544 2527 ecclesiastica
1582 2482 1819 2524 necessitas

320 2543 562 2590 traxerat,”
585 2542 669 2594 Ep,
693 2554 785 2582 cxc,
814 2542 870 2595 1).

323 2609 417 2658 362
