1866 2964
747 179 839 227 ST.
877 179 1285 227 AUGUSTINE

260 315 433 361 dicens
482 314 619 377 quod
665 312 789 359 mihi
831 313 984 360 modo
1030 313 1251 368 videtur,
1295 312 1386 359 sed
1431 310 1558 358 illud
1602 312 1773 374 potius

263 397 546 460 adiungens
580 396 718 459 quod
750 398 954 458 utrique
981 402 1212 441 nostrum
1237 397 1399 440 visum
1425 397 1509 450 sit,
1535 410 1649 439 cum
1678 391 1774 438 illis

261 482 631 525 resisteremus.
700 476 1051 524 Vehementer
1094 475 1357 523 exhorruit
1399 483 1453 522 et
1493 476 1638 522 nobis
1678 473 1776 520 hoc

263 564 426 607 visum
465 577 574 607 esse
612 563 825 606 miratus
865 566 960 615 est,
986 558 1123 605 nulla
1160 575 1215 605 re
1255 558 1351 604 alia
1387 565 1651 621 permotus
1680 558 1775 603 nisi

262 647 372 706 ipsa
406 646 574 706 specie
608 641 778 698 foeda,
811 659 913 688 non
946 649 1121 688 nostra
1153 641 1245 688 sed
1276 640 1547 687 cuiuslibet
1579 642 1686 686 vita
1718 655 1777 685 ac

263 726 488 771 moribus
512 725 879 788 indignissima.

214 816 240 853 5
329 806 548 853 Proinde
582 807 808 862 obsecro,
837 813 896 852 ut
930 805 1203 868 epistulam
1237 822 1391 869 quam
1421 808 1491 851 eis
1520 804 1777 851 communi

266 892 471 935 nomine
495 891 685 951 scripsi,
707 889 1046 951 subscriptam
1068 905 1170 934 non
1192 887 1393 934 differas
1414 890 1640 933 mittere.
1707 885 1779 932 Et

267 975 307 1018 si
346 970 480 1017 forte
517 969 617 1016 illic
654 969 780 1017 illud
824 974 1017 1016 iustum
1057 973 1347 1016 acutissime
1385 970 1640 1033 pervides,
1677 985 1780 1015 non

269 1060 518 1117 cogantur
559 1053 744 1099 infirmi
785 1053 937 1099 modo
979 1053 1192 1108 discere,
1235 1053 1371 1116 quod
1415 1069 1510 1116 ego
1552 1051 1780 1098 nondum

270 1134 535 1199 intellego,
557 1142 615 1181 ut
640 1134 734 1181 hoc
755 1138 886 1181 circa
909 1151 993 1181 eos
1014 1138 1067 1181 in
1094 1134 1190 1181 hac
1211 1151 1363 1181 causa
1384 1141 1615 1181 servetur
1644 1133 1783 1197 quod

271 1218 504 1264 dominus
530 1219 602 1263 ait
626 1233 636 1263 ε
680 1216 842 1263 Multa
867 1215 1010 1263 habeo
1034 1215 1162 1263 vobis
1185 1216 1351 1273 dicere,
1375 1216 1457 1263 sed
1478 1232 1570 1263 non
1587 1213 1783 1280 potestis

269 1298 355 1345 illa
392 1305 585 1362 portare
630 1297 778 1345 modo.
847 1297 957 1344 Tali
1003 1301 1193 1362 quippe
1237 1298 1524 1344 infirmitati
1567 1312 1781 1360 parcens

272 1384 430 1427 etiam
457 1379 583 1427 illud
612 1381 675 1427 de
705 1381 900 1427 tributo
930 1379 1171 1427 solvendo
1202 1383 1275 1426 ait
1299 1397 1309 1426 ε
1355 1379 1486 1444 Ergo
1516 1378 1647 1426 liberi
1675 1384 1783 1426 sunt

254 1462 359 1526 fili-i
375 1482 396 1516 ,·
427 1462 509 1509 sed
524 1480 579 1509 ne
595 1462 967 1509 scandalizemus
982 1479 1059 1509 eos
1076 1470 1130 1509 et
1146 1469 1337 1519 cetera,
1349 1462 1553 1526 quando
1570 1461 1782 1508 Petrum

271 1548 410 1592 misit
447 1552 505 1591 ut
543 1544 863 1591 didrachmas
901 1561 1033 1608 quae
1069 1552 1193 1591 tunc
1229 1546 1589 1610 exigebantur,
1624 1543 1784 1591 solve-

271 1634 405 1674 rent.
492 1627 719 1673 Noverat
756 1630 892 1673 enim
929 1626 1067 1673 aliud
1092 1630 1187 1683 ius,
1216 1644 1316 1691 quo
1344 1625 1469 1673 nihil
1495 1625 1600 1673 tale
1629 1626 1785 1673 debe-

272 1710 399 1765 bat3
446 1709 538 1756 sed
568 1725 627 1755 eo
656 1712 765 1755 iure
794 1710 1048 1755 tributum
1078 1712 1124 1755 ei
1152 1708 1236 1755 ille
1266 1709 1515 1765 solvebat,
1544 1725 1645 1772 quo
1673 1711 1783 1754 iure

273 1792 493 1838 diximus
532 1790 779 1837 heredem
816 1793 1106 1855 presbyteri
1145 1791 1398 1838 Honorati
1435 1807 1785 1838 successurum

274 1872 449 1930 fuisse,
480 1876 538 1929 si,
570 1880 850 1936 antequam
881 1890 990 1920 rem
1021 1891 1165 1920 suam
1197 1873 1278 1920 vel
1308 1874 1525 1920 donaret
1555 1872 1637 1919 vel
1666 1889 1786 1919 ven-

274 1956 440 2012 deret,
466 1962 768 2002 moreretur.
838 1955 1165 2019 Quamquam
1191 1959 1243 2002 in
1268 1959 1378 2019 ipso
1406 1955 1650 2002 ecclesiae
1675 1958 1786 2001 iure

275 2036 462 2083 Paulus
499 2037 757 2100 apostolus
791 2042 956 2100 parcit
989 2038 1199 2085 infirmis
1237 2045 1291 2084 et
1325 2038 1559 2085 debitum
1595 2040 1787 2100 stipen-

276 2119 417 2166 dium
449 2136 552 2166 non
589 2122 769 2183 exigit,
799 2127 968 2166 certus
999 2123 1310 2167 conscientia
1339 2120 1478 2184 quod
1505 2122 1786 2166 rectissime

277 2205 529 2265 exigeret,
559 2202 650 2248 sed
679 2200 803 2247 nihil
833 2201 970 2249 aliud
1000 2219 1154 2266 quam
1184 2206 1523 2266 suspicionem
1553 2202 1787 2248 devitans

276 2284 468 2330 bonum
496 2283 705 2330 odorem
735 2283 922 2330 Christi
949 2286 1249 2331 turbantem
1278 2291 1332 2331 et
1361 2285 1425 2331 ab
1451 2283 1538 2330 illa
1563 2282 1789 2348 maligna

279 2368 447 2428 specie
466 2381 576 2412 sese
596 2367 857 2412 abstinens
875 2369 926 2412 in
945 2369 1015 2413 eis
1032 2368 1343 2431 regionibus,
1360 2367 1447 2413 ubi
1463 2365 1558 2413 hoc
1575 2371 1788 2412 noverat

843 2517 861 2534 ‘¹
893 2511 1014 2552 John
1037 2513 1122 2552 xvi.
1152 2515 1216 2552 12.

400 2564 417 2589 ²²
452 2564 585 2605 Matt.
608 2567 710 2605 xvii.
733 2568 880 2606 26-27.
1291 2571 1306 2590 ⁶
1341 2570 1359 2607 1
1387 2565 1487 2606 Cor.
1511 2567 1567 2606 ix.
1594 2567 1707 2605 1-15.

292 2635 383 2674 142
