1850 2964
731 203 822 250 ST.
861 203 1270 251 AUGUSTINE

241 336 496 394 Quoniam
557 352 678 399 ergo
738 336 1046 383 domesticus
1107 337 1223 384 fidei
1287 344 1383 392 est,
1438 335 1755 384 Christianus

242 404 422 460 fidelis,
454 403 731 451 catholicus
763 403 923 458 frater
953 412 1145 461 noster,
1176 422 1267 467 pro
1298 408 1438 452 cuius
1470 401 1756 468 supplenda

241 475 551 519 necessitate
611 489 698 519 vos
764 480 887 535 peto
947 480 1005 519 ut
1070 471 1270 520 faciatis
1325 473 1463 536 quod
1521 473 1754 520 dominus

240 543 478 603 imperat,
517 544 624 587 sine
662 543 890 596 tristitia,
928 544 1036 587 sine
1071 544 1476 588 murmuratione
1531 548 1586 588 et
1639 558 1756 587 cum

238 607 440 654 laetitia
477 616 531 655 et
566 607 827 655 hilaritate
864 607 1056 665 facite3
1106 610 1203 656 deo
1242 613 1378 656 enim
1415 609 1621 656 creditis
1652 626 1755 656 non

239 675 449 732 homini,
494 680 614 739 quia
655 676 740 723 ille
787 680 1046 739 promittit
1088 694 1175 724 vos
1223 677 1348 723 nihil
1396 694 1573 724 eorum
1620 693 1754 740 quae

238 745 634 792 misericorditer
662 743 846 801 facitis,
876 745 1183 807 perdituros,
1212 746 1304 792 sed
1331 749 1384 791 in
1411 744 1497 792 illo
1526 745 1609 792 die
1638 762 1754 792 cum

239 816 402 859 usuris
450 812 804 860 inmortalibus
852 821 1165 876 recepturos.
1235 814 1306 860 Et
1354 817 1596 877 quoniam
1643 816 1754 876 ipse

239 880 496 944 apostolus
534 881 688 927 dicit:
734 881 840 928 Hoc
877 888 1027 928 autem
1054 881 1156 928 dico
1181 900 1196 928 .·
1246 881 1340 935 Qui
1369 898 1515 946 parce
1541 880 1754 937 seminat,

231 966 377 1013 parce
417 956 459 995 et
499 955 647 1004 metet,
687 948 991 1013 intellegere
1033 950 1234 996 debetis
1275 957 1481 1012 tempus
1524 965 1653 1006 esse,
1694 956 1754 996 ut

239 1017 429 1063 donum
453 1020 590 1063 vitae
617 1024 878 1073 aeternae,
903 1035 1018 1064 cum
1044 1017 1209 1065 adhuc
1232 1021 1285 1063 in
1307 1021 1408 1064 ista
1431 1021 1538 1064 vita
1561 1034 1753 1073 sumus,

238 1084 546 1131 festinanter
577 1092 630 1132 et
662 1085 897 1132 alacriter
926 1103 1296 1149 comparemus,
1327 1089 1464 1149 quia,
1494 1102 1609 1132 cum
1641 1085 1752 1132 finis

237 1152 426 1200 saeculi
461 1156 678 1209 venerit,
714 1171 816 1200 non
856 1154 1062 1200 dabitur
1096 1157 1191 1200 nisi
1228 1157 1300 1200 eis
1342 1157 1429 1217 qui
1470 1170 1563 1216 per
1597 1153 1752 1201 fidem

237 1222 331 1267 sibi
355 1220 451 1267 hoc
477 1229 730 1277 emerunt,
758 1229 1037 1285 antequam
1062 1223 1234 1269 videre
1259 1225 1564 1285 potuissent.

186 1295 210 1334 3
301 1288 486 1352 Scripsi
519 1292 675 1336 etiam
705 1291 1038 1354 presbyteris,
1069 1297 1144 1346 ut,
1177 1293 1216 1336 si
1247 1291 1371 1353 quid
1398 1293 1565 1336 minus
1594 1288 1753 1336 fuerit

234 1364 351 1419 post
389 1357 732 1404 conlationem
771 1361 1059 1405 sanctitatis
1097 1366 1318 1414 vestrae,
1356 1357 1649 1421 compleant
1687 1374 1751 1404 ex

237 1441 297 1471 eo
329 1426 467 1488 quod
497 1424 658 1472 habet
696 1426 926 1482 ecclesia,
964 1427 1086 1473 dum
1123 1434 1301 1473 tamen
1331 1443 1436 1482 vos,
1467 1426 1750 1473 secundum

236 1494 373 1556 quod
408 1493 597 1556 placet,
633 1493 865 1540 hilariter
902 1493 1144 1550 offeratis,
1182 1498 1302 1558 quia
1338 1498 1442 1541 sive
1480 1495 1544 1541 de
1582 1501 1752 1541 vestro

234 1564 339 1608 sive
379 1562 444 1608 de
486 1561 698 1608 ecclesia
738 1563 906 1618 detur,
947 1566 1118 1609 omnia
1154 1563 1238 1609 dei
1275 1570 1412 1619 sunt,
1451 1569 1505 1609 et
1544 1562 1750 1609 devotio

233 1632 397 1693 magis
438 1637 609 1676 vestra
649 1629 842 1677 dulcior
884 1634 981 1677 erit
1021 1630 1274 1678 thesauris
1317 1630 1579 1687 ecclesiae,
1620 1633 1752 1677 sicut

235 1696 494 1759 apostolus
532 1699 691 1745 dicit:
740 1698 852 1745 Non
882 1698 995 1763 quia
1031 1716 1205 1763 quaero
1240 1698 1418 1755 datum,
1448 1698 1530 1746 sed
1564 1697 1751 1763 requiro

220 1764 456 1830 fructum.
528 1765 832 1813 Laetificate
869 1784 990 1830 ergo
1024 1784 1108 1814 cor
1140 1784 1332 1823 meum,
1367 1770 1487 1830 quia
1520 1767 1584 1814 de
1618 1765 1751 1814 fruc-

233 1834 370 1880 tibus
402 1837 582 1880 vestris
612 1835 839 1897 gaudere
871 1839 1055 1897 60111ος
1104 1852 1190 1882 vos
1223 1838 1359 1882 enim
1390 1838 1512 1882 estis
1543 1835 1748 1882 arbores

233 1901 334 1957 dei,
364 1918 490 1964 quas
520 1903 732 1949 assiduis
761 1904 1007 1949 imbribus
1038 1906 1195 1950 etiam
1223 1920 1316 1966 per
1343 1910 1575 1950 nostrum
1602 1905 1750 1949 mini-

232 1972 445 2016 sterium
483 1973 649 2034 rigare
690 1971 947 2034 dignatur.
1016 1971 1246 2018 Tueatur
1283 1988 1370 2018 vos
1410 1971 1644 2018 dominus
1684 1971 1749 2018 ab

295 2100 313 2118 ‘²
345 2094 444 2135 Gal.
467 2097 524 2136 vi.
549 2098 665 2137 9-10.
1185 2096 1200 2121 ὃ
1235 2097 1368 2138 Matt.
1390 2111 1489 2138 xxv.
1512 2100 1659 2138 34-40.

300 2155 314 2173 ⁶
346 2152 371 2189 2
396 2149 496 2191 Cor.
520 2152 575 2190 ix,
601 2153 639 2190 6.
1180 2151 1198 2175 ‘¹
1231 2151 1343 2192 Phil.
1367 2153 1423 2193 iv.
1452 2155 1516 2192 17.

299 2210 313 2228 ⁶
343 2204 437 2245 The
472 2207 670 2245 mention
705 2205 755 2245 of
784 2205 914 2246 fruits
948 2209 1153 2258 suggests
1186 2210 1232 2247 to
1266 2207 1359 2246 him
1392 2207 1467 2248 the
1500 2211 1613 2247 trees
1646 2206 1747 2247 that

237 2257 370 2311 bring
394 2258 511 2299 forth
538 2259 657 2311 good
683 2259 812 2300 fruits
838 2260 992 2311 (Matr.
1021 2263 1079 2301 iii.
1111 2264 1177 2308 10,
1203 2261 1321 2312 etc.)‚
1347 2260 1436 2301 and
1462 2261 1518 2302 he
1543 2260 1747 2302 immedi-

235 2312 355 2365 ately
385 2313 556 2365 applies
587 2314 661 2354 the
693 2313 941 2366 Scriptural
972 2314 1071 2355 idea
1100 2319 1147 2355 to
1176 2315 1302 2356 those
1332 2315 1388 2356 he
1418 2317 1453 2356 is
1482 2315 1747 2368 addressing

233 2381 319 2407 —a
354 2367 561 2419 frequent
596 2367 747 2408 device
783 2369 888 2409 with
927 2370 1032 2410 him.
1100 2368 1170 2421 Cf.
1207 2370 1291 2421 Ep.
1329 2371 1415 2410 xxi.
1454 2373 1480 2410 5
1517 2369 1745 2411 “arbores

233 2423 359 2462 vivae
379 2422 405 2437 '⁹
426 2422 489 2473 (p.
511 2425 565 2463 38
589 2423 775 2473 above);
813 2424 897 2475 Ep.
918 2422 1050 2464 lxxiv.
1071 2426 1096 2463 2
1124 2424 1148 2439 ‘⁴
1169 2423 1325 2476 fingite
1343 2437 1421 2464 vos
1445 2427 1549 2464 ante
1568 2427 1745 2476 tempus

234 2477 387 2516 messis
404 2475 560 2529 fugere
578 2478 797 2528 permixta
816 2480 1002 2526 zizania,
1023 2479 1129 2530 quia
1147 2492 1225 2519 vos
1244 2480 1347 2519 estis
1367 2477 1474 2519 Sola
1491 2480 1664 2518 zizania
1683 2478 1710 2495 ”
1730 2495 1742 2526 ;

235 2530 373 2571 Serm.
420 2535 484 2571 ll.
530 2534 546 2570 1
591 2531 760 2571 “Deus
797 2563 806 2572 .
845 2564 853 2572 .
892 2563 902 2573 .
939 2532 1140 2573 excolens
1175 2531 1407 2573 ecclesiam
1450 2546 1580 2573 suam
1621 2531 1744 2573 velut

234 2597 395 2636 agrum
423 2598 570 2634 suum,
599 2599 817 2638 quaerens
844 2586 1042 2628 fructum
1070 2586 1125 2628 de
1153 2587 1390 2628 arboribus
1418 2589 1512 2628 suis
1527 2587 1580 2635 ”3
1619 2589 1688 2629 72.
1722 2590 1739 2627 l

233 2653 328 2696 524
