1866 2964
778 197 870 247 ST.
907 198 1315 247 AUGUSTINE

292 332 577 379 doctrinam
603 330 890 378 liberalium
917 330 1225 388 litterarum,
1255 347 1380 394 quas
1408 329 1543 378 forte
1570 333 1680 394 ipse
1710 336 1800 377 aut

292 418 395 447 non
427 401 605 447 didicit
639 407 730 446 aut
761 403 928 446 minus
962 400 1157 455 didicit,
1191 400 1314 463 quid
1346 398 1442 446 hoc
1473 403 1703 462 pertinet
1735 399 1801 445 ad

293 485 407 515 eam
438 471 794 532 quaestionem
830 484 963 531 quae
993 467 1075 514 vel
1112 468 1176 514 de
1209 471 1396 515 sanctis
1431 466 1692 530 scripturis
1714 465 1803 519 ,vel

290 537 611 583 documentis
635 535 987 582 ecclesiasticis
1012 543 1102 582 aut
1123 534 1337 598 publicis
1360 535 1682 582 discutienda
1705 541 1802 590 est,

290 608 344 650 in
383 605 566 668 quibus
604 603 688 650 ille
727 620 820 666 per
857 611 939 650 tot
978 620 1135 649 annos
1174 611 1424 660 versatur,
1462 604 1600 650 unde
1637 606 1690 649 in
1730 605 1802 650 eis

292 673 509 720 deberet
546 689 656 718 esse
695 672 948 734 peritior?
1016 671 1282 718 Postremo
1322 679 1402 718 est
1436 671 1517 718 hic
1551 670 1713 718 frater
1748 677 1803 718 et

291 739 487 804 collega
537 756 682 786 meus
734 739 1040 795 Samsucius,
1092 743 1357 802 episcopus
1407 739 1671 786 Turrensis
1723 755 1802 785 ec-

292 808 495 863 clesiae,
535 811 621 871 qui
662 807 824 854 nullas
866 807 996 854 tales
1038 808 1216 854 didicit
1258 806 1433 870 quales
1477 811 1575 854 iste
1617 807 1803 854 dicitur

291 875 566 923 formidare
590 892 601 931 ;
638 879 748 938 ipse
770 876 921 931 adsit,
943 882 1065 939 agat
1085 892 1200 922 cum
1220 874 1304 922 illo
1328 891 1340 931 ;
1377 876 1569 939 rogabo
1591 892 1710 922 eum
1731 882 1803 931 et,

292 952 351 991 ut
393 944 591 991 confido
631 947 684 989 in
722 947 927 990 nomine
967 942 1172 999 Christi,
1208 942 1356 990 facile
1394 943 1519 990 mihi
1554 943 1804 990 concedet

293 1020 352 1059 ut
381 1015 624 1075 suscipiat
646 1015 700 1057 in
730 1010 826 1058 hac
849 1028 904 1058 re
930 1014 1092 1058 vicem
1120 1028 1308 1067 meam,
1335 1018 1389 1058 et
1419 1027 1537 1058 eum
1567 1012 1802 1058 dominus

293 1097 384 1143 pro
409 1084 630 1127 veritate
655 1087 962 1135 certantem,
989 1083 1218 1143 quamvis
1255 1096 1489 1126 sermone
1513 1079 1803 1142 inpolitum,

291 1156 470 1195 tamen
510 1165 631 1194 vera
672 1148 772 1194 fide
815 1148 1092 1203 eruditum,
1133 1151 1265 1194 sicut
1304 1147 1622 1204 confidimus,
1664 1148 1805 1194 adiu-

293 1218 450 1263 vabit.
521 1215 673 1262 Nulla
705 1232 827 1280 ergo
850 1232 1003 1262 causa
1033 1223 1112 1262 est
1135 1233 1223 1263 cur
1247 1216 1312 1263 ad
1337 1215 1459 1262 alios
1482 1219 1653 1263 nescio
1676 1232 1803 1279 quos

293 1284 514 1340 differat,
555 1301 620 1330 ne
667 1287 804 1330 inter
849 1301 940 1330 nos
988 1284 1127 1347 quod
1168 1284 1234 1331 ad
1278 1301 1370 1330 nos
1416 1287 1646 1346 pertinet
1690 1300 1805 1346 per-

293 1369 521 1417 agamus.
591 1352 637 1398 N
643 1368 700 1399 ec
728 1359 924 1408 tamen,
949 1359 1008 1398 ut
1033 1353 1156 1408 dixi,
1182 1355 1340 1399 etiam
1375 1351 1485 1399 illos
1511 1350 1738 1416 defugio,
1763 1355 1804 1398 si

293 1438 469 1468 eorum
492 1424 601 1483 ipse
625 1424 791 1484 poscit
814 1419 1075 1467 auxilium.

739 1551 833 1598 No.
863 1558 921 1599 12
946 1551 1061 1615 (Ep.
1088 1551 1361 1615 XXXVII)

299 1639 560 1681 DOMINO
598 1638 981 1681 BEATISSIMO
1017 1639 1095 1680 ET
1124 1639 1643 1681 VENERABILITER
1678 1639 1804 1681 SIN-

415 1704 758 1746 CERISSIMA
780 1704 1091 1745 CARITATE
1113 1704 1585 1746 AMPLECTENDO
1617 1704 1803 1746 PATRI

418 1769 838 1811 SIMPLICIANO
910 1769 1321 1811 AUGUSTINUS
1398 1770 1465 1811 IN
1542 1769 1802 1811 DOMINO

419 1835 717 1876 SALUTEM

361 1911 543 1958 Plenas
601 1912 850 1958 bonorum
908 1912 1211 1976 gaudiorum
1268 1911 1486 1969 litteras,
1544 1913 1681 1976 quod
1738 1916 1803 1959 sis

367 2038 385 2055 ‘²
415 2031 574 2072 Before
606 2030 673 2071 his
706 2033 967 2072 conversion
1002 2034 1046 2072 in
1080 2035 1179 2080 386,
1214 2033 1468 2085 Augustine
1501 2032 1591 2073 had
1624 2033 1737 2074 been
1775 2046 1803 2073 a

303 2087 619 2139 {flammaticus
650 2090 697 2126 at
725 2086 917 2139 Tagaste
949 2086 1166 2139 (Conse-33.
1200 2089 1254 2127 iv.
1288 2089 1346 2136 7),
1375 2086 1465 2128 and
1495 2101 1522 2128 a
1550 2087 1727 2128 teacher
1756 2088 1807 2128 of

304 2141 495 2236 rigetoric
515 2144 561 2181 at
581 2140 804 2194 Carthage
826 2141 899 2193 (ib.
924 2142 978 2182 iv.
1007 2143 1082 2187 12;
1115 2141 1164 2182 C.
1186 2142 1328 2182 Aeaci.
1352 2143 1395 2182 ii.
1412 2144 1455 2190 Ξ,
1476 2142 1521 2194 3)
1543 2141 1633 2183 and
1656 2141 1800 2183 Milan

358 2198 420 2235 ὀη
448 2209 525 2236 ess.
547 2209 588 2235 v.
610 2197 698 2244 23).

307 2197 322 2248 (
360 2250 375 2274 ⁶
407 2196 501 2290 Tfhe
517 2254 642 2290 exact
657 2251 736 2290 site
752 2250 802 2290 of
813 2249 972 2290 Turres
989 2251 1023 2290 is
1040 2254 1117 2290 not
1132 2249 1313 2297 known,
1329 2250 1410 2291 but
1426 2252 1459 2291 it
1474 2264 1564 2291 was
1579 2250 1802 2303 probably

300 2318 406 2345 near
425 2304 590 2356 Hippo.
654 2304 910 2345 Samsucius
931 2307 965 2345 is
986 2304 1239 2346 mentioned
1258 2307 1392 2358 again
1412 2307 1457 2345 in
1478 2305 1563 2346 No.
1584 2309 1635 2346 21
1659 2306 1798 2358 infra.

358 2365 373 2385 ⁶
406 2358 719 2411 simplicianus
740 2358 981 2399 succeeded
1004 2359 1068 2400 St.
1091 2360 1311 2400 Ambrose
1331 2361 1376 2400 in
1401 2360 1477 2400 the
1496 2373 1568 2401 see
1587 2361 1639 2401 of
1657 2359 1800 2401 Milan

301 2415 345 2454 in
372 2416 469 2454 397.
528 2413 598 2454 He
624 2427 713 2454 was
740 2413 1049 2454 instrumental
1074 2415 1120 2454 in
1145 2416 1404 2466 converting
1430 2414 1683 2456 Victorinus
1709 2414 1800 2455 and

301 2481 391 2508 was
417 2481 444 2508 a
469 2467 585 2508 close
610 2467 699 2508 and
726 2468 954 2509 honoured
979 2468 1124 2509 friend
1150 2469 1201 2509 of
1221 2468 1493 2510 Ambrose's.
1549 2469 1800 2522 Augustine

302 2526 392 2563 met
418 2523 510 2563 him
536 2526 583 2562 at
613 2522 754 2563 Milan
782 2524 826 2562 in
852 2526 951 2571 386,
977 2522 1067 2563 and
1094 2536 1183 2564 was
1211 2523 1344 2564 much
1370 2523 1618 2565 influenced
1645 2524 1706 2576 by
1732 2523 1801 2564 his

303 2582 491 2617 account
507 2578 558 2617 of
575 2577 866 2618 Victorinus's
887 2580 1144 2618 conversion
1161 2577 1379 2630 (Consess.
1399 2579 1485 2619 viii.
1503 2578 1562 2630 5).
1620 2577 1685 2619 To
1705 2577 1798 2619 him

311 2648 402 2688 100
