1850 2964
737 165 828 213 ST.
867 166 1276 214 AUGUSTINE

250 298 522 345 virtutibus
582 315 685 345 non
743 301 887 362 paria
945 299 1037 346 sed
1095 302 1347 346 contraria
1404 299 1756 347 reddiderunt.

251 368 389 427 Quas
432 386 608 416 causas
653 386 749 433 ego
793 371 968 417 audire
1012 377 1065 417 et
1106 371 1330 418 iudicare
1372 387 1476 416 non
1515 386 1757 434 possum3

248 447 393 486 tuam
416 457 621 487 causam
642 444 813 504 potius
838 444 1006 504 aspice
1031 449 1084 488 et
1106 445 1316 505 inspice,
1339 458 1495 505 quam
1515 459 1618 489 non
1640 459 1756 488 cum

247 511 535 559 hominibus
577 512 905 575 quibuslibet,
944 514 1036 560 sed
1074 531 1190 560 cum
1231 514 1327 561 deo
1356 512 1548 560 habere
1584 521 1638 560 te
1675 531 1756 560 co-

247 589 445 647 gnoscis
469 599 480 640 3
528 587 647 646 quia
673 587 726 629 in
755 583 956 631 Christo
985 585 1205 632 fideliter
1232 588 1373 641 vivis,
1401 588 1567 648 ipsum
1596 585 1754 632 debes

247 658 430 702 timere
481 672 547 701 ne
599 654 841 702 offendas.
911 656 1044 703 Nam
1095 674 1270 704 causas
1323 673 1419 720 ego
1470 661 1754 720 superiores

245 730 415 789 potius
445 727 689 783 adtendo,
719 730 854 790 quia,
883 735 942 774 ut
970 727 1143 775 Africa
1171 736 1320 775 tanta
1346 728 1483 775 mala
1508 732 1755 792 patiatur,

246 802 346 845 suis
366 799 560 846 debent
583 802 822 862 inputare
841 799 1071 847 homines
1090 804 1329 864 peccatis.
1369 801 1560 848 Verum
1576 808 1753 848 tamen

244 869 359 916 nolo
381 877 435 917 te
459 871 525 917 ad
547 887 721 917 eorum
743 888 1013 918 numerum
1034 876 1312 936 pertinere,
1333 888 1426 935 per
1447 889 1572 936 quos
1592 872 1753 919 malos

245 949 299 988 et
333 945 532 1005 iniquos
575 943 701 989 deus
737 942 965 1008 flagellat
999 948 1176 1007 poenis
1211 944 1578 1007 temporalibus
1626 961 1752 1009 quos

244 1013 475 1060 voluerit.
516 1014 644 1077 Ipsis
664 1031 887 1078 namque
907 1018 1110 1079 iniquis,
1130 1018 1169 1061 si
1189 1019 1403 1062 correcti
1422 1033 1523 1062 non
1541 1015 1752 1073 fuerint,

243 1092 413 1132 servat
443 1093 655 1132 aeterna
681 1086 943 1149 supplicia,
970 1104 1185 1150 quorum
1209 1086 1406 1133 malitia
1429 1090 1563 1134 iuste
1589 1091 1752 1135 utitur

243 1164 301 1203 ut
322 1156 429 1204 aliis
454 1157 590 1204 mala
613 1161 817 1221 ingerat
841 1159 1159 1221 temporalia.
1228 1159 1305 1205 Tu
1325 1160 1479 1206 deum
1506 1160 1750 1216 adtende,

241 1235 299 1274 tu
334 1228 592 1276 Christum
625 1230 907 1286 considera,
941 1234 1026 1293 qui
1059 1237 1208 1277 tanta
1236 1231 1372 1277 bona
1401 1234 1664 1294 praestitit
1696 1238 1750 1278 et

240 1307 390 1347 tanta
430 1300 566 1347 mala
607 1301 837 1364 pertulit.
908 1302 1230 1366 Quicumque
1274 1303 1340 1350 ad
1383 1306 1490 1349 eius
1532 1320 1749 1367 regnum

239 1375 453 1435 cupiunt
472 1377 732 1435 pertinere
755 1380 809 1420 et
830 1390 945 1419 cum
965 1373 1049 1420 illo
1072 1392 1129 1421 ac
1151 1376 1244 1422 sub
1264 1374 1349 1421 illo
1370 1391 1573 1438 semper
1592 1376 1747 1423 beate

238 1447 426 1500 vivere,
461 1444 682 1509 diligunt
726 1448 884 1491 etiam
926 1449 1154 1493 inimicos
1199 1464 1332 1503 suos,
1375 1448 1509 1494 bene
1552 1446 1748 1494 faciunt

237 1515 331 1563 illis
372 1519 458 1579 qui
488 1533 572 1563 eos
610 1518 848 1574 oderunt,
877 1525 930 1564 et
958 1525 1106 1565 orant
1133 1535 1223 1581 pro
1262 1522 1333 1566 eis
1368 1536 1397 1565 a
1424 1520 1607 1582 quibus
1634 1536 1748 1583 per-

236 1592 552 1634 secutionem
593 1592 879 1651 patiuntur,
923 1597 993 1644 et,
1036 1593 1076 1636 si
1119 1592 1323 1653 quando
1366 1590 1615 1638 adhibent
1654 1608 1746 1654 pro

236 1659 500 1722 disciplina
518 1659 789 1706 molestam
810 1664 1159 1718 severitatem,
1179 1679 1281 1709 non
1300 1669 1478 1709 tamen
1499 1666 1746 1711 amittunt

235 1734 623 1778 sincerissimam
649 1735 934 1778 caritatem.
963 1732 1013 1779 Si
1035 1749 1156 1797 ergo
1175 1734 1311 1780 bona
1335 1735 1430 1781 tibi
1455 1741 1575 1781 sunt
1598 1751 1746 1797 prae—

234 1806 358 1849 stita
383 1806 612 1866 quamvis
638 1810 843 1850 terrena
869 1806 1161 1851 transitoria
1182 1806 1245 1852 ab
1264 1808 1478 1869 imperio
1497 1805 1744 1864 Romano,

233 1877 353 1938 quia
373 1881 426 1920 et
450 1878 618 1937 ipsum
642 1882 906 1922 terrenum
933 1883 1028 1932 est,
1055 1893 1156 1922 non
1181 1876 1422 1934 caeleste,
1449 1895 1544 1925 nec
1569 1886 1743 1942 potest

230 1953 492 2008 praestare
516 1949 608 1992 nisi
642 1947 778 2010 quod
803 1946 963 1994 habet
987 1951 1038 1994 in
1063 1955 1326 2010 potestate
1346 1964 1357 2005 3
1395 1953 1435 1996 si
1461 1966 1583 2014 ergo
1607 1951 1743 1998 bona

228 2020 280 2063 in
311 2024 365 2064 te
397 2017 600 2064 conlata
631 2025 768 2074 sunt,
803 2018 905 2065 noli
935 2020 1152 2066 reddere
1183 2019 1318 2066 mala
1348 2038 1440 2084 pro
1470 2022 1615 2068 bonis
1639 2038 1651 2079 ;
1700 2026 1741 2070 si

230 2095 405 2135 autem
444 2088 581 2135 mala
620 2090 715 2136 tibi
754 2092 990 2155 inrogata
1031 2098 1167 2148 sunt,
1208 2091 1310 2138 noli
1349 2093 1566 2140 reddere
1606 2094 1741 2141 mala

287 2279 305 2297 α
342 2273 475 2315 Mau.
497 2288 538 2314 v.
562 2276 617 2314 44
637 2289 647 2321 ς
683 2273 813 2315 Luke
834 2276 891 2316 vi.
914 2278 1060 2316 27-28.

290 2327 305 2351 b
340 2327 412 2368 No
426 2330 570 2368 writer
585 2330 619 2369 is
634 2341 682 2368 so
696 2328 804 2369 fond
820 2331 871 2369 of
879 2330 953 2370 the
968 2329 1089 2370 word
1105 2332 1391 2372 transitorius
1405 2345 1453 2372 as
1468 2332 1735 2385 Augustine,

228 2382 317 2422 and
341 2387 418 2422 not
440 2383 741 2435 infrequently
764 2383 818 2424 he
841 2397 939 2424 uses
962 2386 995 2425 it
1016 2387 1061 2425 in
1083 2385 1369 2437 conjunction
1390 2387 1497 2427 with
1521 2393 1733 2437 terrenus,

223 2450 271 2477 as
288 2437 390 2478 here
407 2437 503 2489 (6.9.
528 2437 665 2478 Serm.
694 2441 785 2478 113.
810 2440 867 2490 6).
907 2439 1038 2479 From
1057 2439 1147 2479 him
1165 2453 1312 2481 comes
1329 2441 1550 2494 probably
1565 2442 1640 2483 the
1656 2456 1735 2485 use

227 2493 277 2532 of
293 2491 367 2532 the
382 2492 543 2544 phrase
564 2494 608 2532 in
629 2492 704 2533 the
723 2492 836 2533 Rule
853 2495 903 2534 of
920 2493 984 2535 St.
1010 2494 1236 2543 Benedict,
1259 2498 1332 2543 §Q
1350 2495 1439 2537 and
1461 2498 1505 2537 in
1528 2496 1734 2552 Gregory

225 2546 299 2586 the
322 2546 473 2594 Great,
496 2546 551 2587 In
571 2546 720 2588 Ezech.
744 2549 787 2589 ii.
816 2551 880 2589 10.
903 2551 972 2590 21.

223 2618 317 2661 428
