1850 2964
692 160 783 208 ST.
822 161 1230 209 AUGUSTINE

155 302 179 340 7
269 295 695 358 Expergiscimini
725 293 1015 357 aliquando,
1044 293 1229 341 fratres
1258 297 1360 340 mei
1391 301 1445 341 et
1473 301 1715 358 parentes

204 369 306 412 mei
337 366 707 413 Madaurenses
732 381 743 421 ;
790 364 921 412 hanc
950 369 1265 412 occasionem
1293 367 1547 413 scribendi
1574 367 1715 413 vobis

204 438 329 484 deus
350 437 473 484 mihi
494 436 697 484 obtulit.
754 436 1019 495 Quantum
1039 441 1185 500 potui
1206 438 1414 500 quidem
1433 441 1486 484 in
1505 441 1714 502 negotio

203 508 373 556 fratris
399 509 642 565 Florenti,
667 525 759 571 per
784 525 938 571 quem
961 508 1160 556 litteras
1184 512 1409 566 misistis,
1433 513 1563 557 sicut
1587 511 1714 558 deus

203 580 380 636 voluit,
404 579 544 627 adfui
569 587 622 627 et
647 581 816 627 adiuvi
839 596 851 636 3
893 581 984 627 sed
1005 580 1110 627 tale
1134 584 1401 645 negotium
1424 588 1553 637 erat,
1576 582 1715 645 quod

204 653 361 695 etiam
398 652 505 695 sine
546 665 701 712 opera
739 665 855 695 mea
894 647 1042 695 facile
1081 653 1259 713 peragi
1297 656 1502 712 possetj
1553 666 1714 713 prope

203 737 378 767 omnes
417 723 553 767 enim
596 721 775 767 domus
816 723 972 783 ipsius
1009 719 1240 767 homines
1289 724 1375 784 qui
1413 721 1551 784 apud
1587 721 1714 785 Hip-

201 809 390 855 ponem
428 799 565 847 sunt,
604 800 857 839 noverunt
897 791 1213 838 Florentium
1253 799 1307 838 et
1344 792 1565 839 multum
1604 796 1712 840 eius

203 865 481 911 orbitatem
515 862 707 911 dolent.
777 863 879 911 Sed
913 863 1133 926 epistula.
1164 863 1289 910 mihi
1324 881 1353 909 a
1386 865 1526 911 vobis
1559 868 1714 912 missa

203 943 298 991 est,
316 943 374 982 ut
390 953 492 982 non
507 936 760 998 inpudens
779 943 914 982 esset
933 935 1150 998 epistula
1167 953 1301 992 mea,
1318 953 1433 983 cum
1450 939 1712 983 occasione

202 1024 231 1052 a
251 1009 391 1054 vobis
414 1015 624 1071 accepta
645 1007 894 1054 idolorum
914 1007 1191 1054 cultoribus
1213 1008 1276 1055 de
1299 1007 1500 1054 Christo
1521 1008 1713 1071 aliquid

200 1078 511 1142 loqueretur.
582 1078 683 1126 Sed
709 1080 917 1126 obsecro
944 1096 1048 1134 vos,
1075 1082 1115 1125 si
1143 1096 1260 1126 eum
1286 1097 1389 1126 non
1412 1083 1634 1127 inaniter
1657 1083 1712 1126 in

199 1168 316 1197 mea
347 1150 565 1214 epistula
595 1153 912 1206 nominastis,
943 1158 1002 1198 ut
1031 1168 1133 1198 non
1162 1154 1383 1198 inaniter
1412 1153 1552 1199 vobis
1581 1151 1710 1199 haec

200 1223 500 1282 scripserim.
570 1218 621 1266 Si
657 1226 833 1266 autem
868 1236 952 1265 me
987 1220 1208 1267 inridere
1244 1219 1490 1276 voluistis,
1524 1224 1709 1268 timete

198 1290 358 1347 illum,
398 1308 552 1355 quem
589 1294 728 1354 prius
766 1292 1048 1338 iudicatum
1085 1294 1250 1339 inrisit
1289 1292 1536 1355 superbus
1575 1293 1709 1340 orbis

198 1370 451 1410 terrarum
485 1370 539 1410 et
570 1380 705 1410 nunc
735 1364 956 1411 iudicem
989 1364 1247 1410 subiectus
1281 1371 1560 1427 expectat3
1611 1368 1709 1412 erit

201 1438 336 1480 enim
382 1438 529 1482 testis
578 1433 788 1482 affectus
834 1439 888 1482 in
933 1453 1019 1482 vos
1067 1437 1229 1483 cordis
1274 1439 1377 1482 mei
1421 1452 1514 1499 per
1558 1435 1707 1493 hanc,

199 1513 450 1569 quantum
478 1510 642 1569 potui,
671 1510 913 1570 paginam
945 1523 1231 1570 expressuS,
1262 1510 1359 1554 erit
1388 1511 1536 1555 testis
1566 1509 1707 1556 vobis

197 1581 249 1623 in
280 1578 465 1625 iudicio
500 1581 624 1634 eius,
658 1582 744 1641 qui
777 1579 1045 1626 credentes
1079 1580 1173 1626 sibi
1205 1579 1593 1627 confirmaturus
1626 1587 1706 1628 est

198 1656 252 1696 et
287 1649 572 1697 incredulos
609 1649 926 1697 confusurus.
996 1651 1138 1697 Deus
1176 1668 1305 1698 unus
1343 1659 1397 1698 et
1433 1668 1581 1699 verus
1617 1669 1705 1700 vos

198 1722 261 1768 ab
285 1724 423 1768 omni
446 1720 593 1768 huius
618 1721 805 1769 saeculi
829 1725 1058 1769 vanitate
1081 1722 1323 1770 liberatos
1347 1730 1614 1771 convertat
1638 1724 1705 1773 ad

196 1809 269 1849 se,
294 1793 484 1840 domini
507 1793 874 1856 praedicabiles
900 1801 953 1841 et
977 1794 1289 1842 dilectissimi
1312 1793 1511 1843 fratres.

257 1969 276 1987 ‘¹
305 1963 399 2004 The
423 1963 586 2004 editors
610 1977 692 2016 say
714 1964 812 2005 that
833 1965 1085 2017 Augustine
1102 1978 1201 2005 uses
1217 1964 1292 2006 the
1308 1969 1421 2006 term
1439 1965 1464 1982 ‘⁶
1484 1966 1652 2008 fathers
1671 1966 1699 1985 ”

197 2017 299 2059 here
336 2018 527 2059 because
564 2019 619 2059 he
656 2033 746 2059 was
784 2019 896 2060 born
934 2024 980 2060 at
1017 2019 1224 2072 Tagaste,
1263 2019 1407 2060 which
1445 2022 1481 2061 is
1518 2026 1597 2063 not
1633 2023 1704 2065 far

197 2073 311 2114 from
337 2072 576 2122 Madaura‚
599 2073 689 2114 and
712 2073 887 2116 studied
910 2076 954 2115 in
980 2074 1204 2115 Madaura
1225 2088 1274 2116 as
1295 2089 1322 2115 a
1343 2075 1447 2128 boy-

201 2603 297 2654 476
