1866 2964
768 156 858 203 ST.
897 154 1306 203 AUGUSTINE

745 310 838 357 No.
866 316 926 357 32
952 309 1067 373 (Ep.
1095 307 1331 371 cxxiv)

279 421 558 464 DOMINIS
618 420 686 461 IN
745 418 1007 461 DOMINO
1059 416 1430 459 INSIGNIBUS
1479 417 1556 458 ET
1607 415 1791 457 SANC-

387 486 612 528 TITATE
689 482 1054 525 CARISSIMIS
1139 482 1220 522 AC
1304 479 1793 522 DESIDERANTIS-

390 550 565 593 SIMIS
620 547 977 591 FRATRIBUS
1034 547 1335 595 ALBINAE,
1390 545 1660 587 PINIANO
1713 545 1790 585 ET

392 614 731 657 MELANIAE
840 611 1252 654 AUGUSTINUS
1356 610 1425 651 IN
1527 608 1789 652 DOMINO

238 809 257 847 l
349 799 476 846 Cum
504 798 685 845 habitu
711 796 1001 844 valitudinis
1029 795 1109 842 vel
1134 802 1318 841 natura
1344 793 1501 858 frigus
1528 793 1662 840 ferre
1689 810 1791 840 non

284 871 489 931 possim,
523 882 803 929 numquam
836 872 1013 912 tamen
1046 866 1261 910 maiores
1297 870 1468 909 aestus
1503 878 1658 926 quam
1690 865 1789 908 ista

285 936 452 983 hieme
501 943 609 982 tam
645 933 897 980 horrenda
942 935 1144 995 perpeti
1190 934 1353 994 potui,
1390 930 1526 994 quod
1573 930 1639 976 ad
1684 946 1788 985 vos,

287 1005 351 1052 ad
399 1021 523 1067 quos
572 1002 745 1049 volatu
792 1004 951 1047 maria
986 999 1299 1047 transeunda
1334 997 1557 1053 fuerant,
1593 1005 1702 1044 tam
1736 1000 1790 1043 in

284 1075 515 1135 proximo
551 1073 874 1125 constitutos,
910 1076 1019 1115 tam
1055 1068 1120 1115 de
1155 1067 1432 1131 longinquo
1468 1065 1663 1112 visendi
1697 1082 1788 1111 nos

284 1143 451 1204 gratia
477 1142 759 1194 venientes,
784 1154 886 1184 non
917 1137 1082 1184 dicam
1114 1151 1330 1199 pergere
1363 1134 1455 1181 sed
1486 1133 1655 1180 volare
1687 1150 1790 1180 non

284 1212 444 1271 potui.
505 1207 574 1253 Et
595 1205 807 1253 forsitan
828 1207 1070 1252 sanctitas
1093 1210 1261 1250 vestra
1282 1203 1499 1249 eandem
1517 1200 1790 1248 hiemalem

286 1280 618 1339 asperitatem
645 1290 843 1337 poenae
871 1289 1018 1319 meae
1047 1279 1252 1319 tantum
1280 1287 1485 1317 causam
1510 1272 1786 1332 putaverit.

286 1345 454 1400 Absit,
483 1345 739 1390 carissimi.
809 1341 946 1400 Quid
975 1343 1110 1387 enim
1138 1355 1293 1403 grave
1322 1356 1380 1384 ac
1407 1337 1681 1385 molestum
1711 1336 1789 1383 vel

286 1417 442 1460 etiam
490 1410 829 1474 periculosum
876 1408 1071 1455 habent
1118 1408 1305 1454 imbres
1352 1410 1455 1462 isti,
1503 1406 1640 1469 quod
1686 1421 1789 1451 non

284 1480 407 1527 mihi
427 1479 749 1527 subeundum
771 1495 827 1524 ac
847 1476 1117 1523 ferendum
1137 1475 1252 1531 fuit,
1274 1481 1332 1521 ut
1353 1475 1417 1521 ad
1437 1491 1523 1520 vos
1543 1476 1788 1529 venirem,

285 1556 432 1596 tanta
465 1551 516 1593 in
550 1550 707 1594 tantis
740 1545 884 1592 malis
918 1547 1101 1591 nostris
1135 1543 1333 1598 solatia,
1365 1546 1417 1588 in
1449 1541 1544 1588 hac
1575 1557 1790 1605 genera-

288 1620 428 1664 tione
459 1622 689 1662 tortuosa
720 1631 777 1661 ac
806 1629 1045 1676 perversa
1074 1619 1183 1658 tam
1213 1611 1454 1657 ardenter
1483 1624 1695 1656 accensa
1723 1609 1788 1656 de

284 1701 481 1732 summo
514 1683 704 1730 lumine
737 1681 929 1728 lumina
962 1687 1199 1742 suscepta
1231 1678 1521 1725 humilitate
1555 1676 1789 1724 sublimia

287 1760 341 1800 et
358 1758 656 1814 contempta
674 1750 906 1797 claritate
925 1748 1133 1795 clariora
1157 1748 1175 1794 ?
1243 1746 1402 1793 Simul
1421 1749 1577 1793 etiam
1594 1744 1790 1792 fruerer

286 1820 497 1868 carnalis
535 1822 733 1882 patriae
771 1834 919 1864 meae
957 1824 1066 1863 tam
1104 1814 1316 1878 spiritali
1353 1813 1618 1870 felicitate,
1656 1829 1789 1876 quae

346 1947 365 1965 α
395 1940 563 1981 Albina
594 1953 684 1980 was
717 1953 743 1979 a
775 1935 1170 1990 daughter-in-law
1201 1936 1252 1976 of
1278 1935 1354 1976 the
1384 1935 1561 1974 famous
1593 1936 1788 1980 convert,

287 1996 362 2037 the
394 1995 513 2036 elder
549 1993 762 2041 Melania,
794 1993 910 2040 who,
941 1991 1115 2043 though
1148 1991 1199 2030 of
1226 1988 1358 2030 noble
1388 1988 1508 2030 birth
1540 1987 1630 2028 and
1661 1991 1790 2040 great

287 2049 463 2097 wealth,
493 2049 677 2090 became
705 2062 732 2088 a
761 2046 950 2088 devoted
979 2047 1154 2086 ascetic.
1214 2045 1276 2085 At
1308 2043 1383 2085 the
1412 2057 1497 2095 age
1525 2043 1576 2083 of
1599 2042 1790 2084 thirteen

288 2105 493 2146 Albina's
526 2103 763 2156 daughter,
792 2102 868 2143 the
905 2114 1108 2153 younger
1146 2098 1345 2139 Melania
1379 2098 1483 2138 here
1517 2095 1788 2144 mentioned,

288 2158 479 2200 married
511 2158 739 2205 Pinianus,
764 2156 863 2196 who
893 2168 983 2196 was
1003 2153 1184 2206 equally
1207 2152 1450 2206 high-born
1471 2151 1560 2192 and
1580 2150 1787 2202 wealthy.

286 2214 381 2255 The
411 2214 535 2255 three
566 2212 648 2253 left
679 2212 820 2252 Rome
848 2211 963 2251 after
992 2209 1068 2250 the
1097 2207 1206 2249 sack
1234 2207 1297 2259 by
1326 2206 1478 2247 Alaric
1508 2208 1553 2246 in
1584 2208 1669 2246 410
1698 2204 1789 2245 and

289 2268 446 2309 settled
488 2272 534 2308 at
578 2267 771 2319 Tagaste
813 2263 1124 2317 (Augustine’s
1162 2261 1358 2302 carnalis
1392 2261 1547 2313 patria
1585 2261 1636 2300 of
1669 2263 1689 2306 ξ
1732 2259 1787 2309 1).

288 2323 414 2374 They
442 2321 615 2362 desired
653 2326 699 2362 to
734 2319 868 2360 make
897 2317 1189 2371 Augustine's
1222 2318 1561 2368 acquaintance,
1589 2313 1679 2354 and
1713 2313 1789 2355 the

289 2382 466 2430 present
506 2376 632 2417 letter
669 2377 705 2415 is
743 2375 810 2415 his
847 2372 1044 2426 apology
1083 2373 1153 2412 for
1188 2371 1325 2423 being
1362 2368 1526 2410 unable
1562 2374 1608 2410 to
1644 2381 1703 2420 go
1743 2372 1790 2408 to

288 2432 481 2484 Tagaste
509 2436 554 2471 to
588 2434 704 2471 meet
732 2429 870 2476 them,
897 2441 945 2469 so
974 2427 1081 2478 they
1106 2439 1233 2466 came
1257 2430 1303 2466 to
1343 2424 1511 2476 Hippo,
1541 2422 1687 2463 where
1715 2421 1790 2462 the

287 2488 465 2527 curious
499 2498 650 2525 scenes
670 2482 877 2524 narrated
905 2484 950 2522 in
970 2482 1045 2523 the
1064 2480 1293 2532 following
1312 2478 1454 2526 letter,
1469 2491 1518 2519 so
1533 2477 1792 2518 instructive

290 2542 359 2581 for
386 2540 461 2581 the
490 2539 656 2581 church
685 2538 761 2581 life
789 2539 840 2579 of
863 2537 938 2579 the
967 2535 1137 2591 period,
1165 2533 1275 2577 took
1303 2533 1444 2587 place.
1505 2532 1568 2572 At
1595 2531 1791 2584 Tagaste

295 2611 388 2653 218
