1866 2964
816 174 906 222 ST.
945 174 1352 222 AUGUSTINE

327 309 584 356 mittenda
625 311 880 363 existimo,
917 324 1009 370 per
1048 307 1321 370 epistulam
1358 314 1503 354 tuam
1541 305 1723 353 feceris
1759 322 1839 353 re-

327 378 541 432 cordari,
571 377 694 440 quid
722 394 813 422 nos
843 376 1166 422 derideamus
1197 376 1318 422 deos
1348 383 1562 431 vest-ros,
1591 391 1717 438 quos
1747 375 1837 421 abs

328 453 381 492 te
407 449 516 508 ipso
542 444 799 491 subtiliter
824 444 1044 491 derideri
1069 461 1220 490 nemo
1246 461 1347 490 non
1371 442 1646 507 intellegit,
1671 446 1758 505 qui
1785 449 1839 489 et

327 516 591 577 ingenium
618 520 766 559 tuum
794 515 934 558 noxit
963 519 1015 558 et
1042 511 1169 575 legit
1195 511 1395 558 litteras
1422 519 1538 558 tuas
1562 512 1580 557 ?
1650 510 1835 574 Itaque

328 585 369 628 si
404 581 596 644 aliquid
629 584 765 627 inter
799 597 890 626 nos
926 580 990 627 de
1026 579 1102 626 his
1137 581 1290 626 rebus
1326 583 1398 626 vis
1435 595 1665 643 agamus,
1700 579 1838 642 quod

328 653 490 696 aetati
511 649 923 712 prudentiaeque
945 655 1068 694 tuae
1091 651 1344 711 congruit,
1367 647 1504 711 quod
1526 647 1749 710 denique
1772 647 1837 693 de

326 725 499 764 nostro
543 720 803 780 proposito
847 720 956 762 iure
1003 733 1032 762 a
1076 719 1343 762 carissimis
1388 718 1573 762 nostris
1617 714 1837 778 flagitari

326 792 518 848 potest,
549 801 740 848 quaere
773 784 964 847 aliquid
993 791 1167 830 nostra
1198 785 1507 831 discussione
1539 784 1751 846 dignum
1783 789 1838 829 et

327 871 388 900 ea
418 871 509 916 pro
539 856 720 899 vestris
750 853 1042 899 numinibus
1072 869 1191 899 cura
1221 853 1409 908 dicere,
1437 855 1492 898 in
1521 852 1705 915 quibus
1734 868 1838 897 non

326 930 381 968 te
408 938 591 968 causae
617 924 1078 984 praevaricatorem
1105 928 1366 983 putemus,
1393 920 1531 983 quod
1555 936 1646 966 nos
1672 922 1836 982 magis

326 1006 668 1046 commoneas,
696 1006 829 1052 quae
858 996 1035 1036 contra
1062 988 1172 1035 illos
1202 989 1300 1036 dici
1326 991 1539 1051 possint,
1563 1004 1718 1051 quam
1745 1004 1838 1050 pro

329 1062 399 1104 eis
443 1057 635 1121 aliquid
677 1058 829 1104 dicas.
899 1058 983 1104 Ad
1025 1074 1275 1103 summam
1318 1064 1496 1103 tamen
1536 1073 1602 1102 ne
1645 1063 1699 1102 te
1741 1054 1837 1102 hoc

327 1126 491 1172 lateat
528 1133 581 1172 et
616 1129 668 1171 in
704 1125 951 1189 sacrilega
986 1128 1209 1172 convicia
1244 1125 1609 1188 inprudentem
1644 1122 1837 1179 trahat,

327 1198 454 1241 scias
477 1211 506 1240 a
528 1193 826 1240 Christianis
848 1192 1126 1249 catholicis,
1148 1211 1363 1257 quorum
1384 1197 1437 1239 in
1457 1200 1627 1240 vestro
1649 1192 1836 1255 oppido

327 1266 485 1309 etiam
509 1262 721 1308 ecclesia
743 1265 1024 1308 constituta
1048 1269 1145 1317 est,
1167 1261 1361 1308 nullum
1384 1261 1479 1308 coli
1500 1267 1836 1316 mortuorum,

326 1330 451 1377 nihil
480 1331 702 1393 denique
735 1337 793 1376 ut
823 1347 1013 1376 numen
1046 1330 1262 1385 adorari,
1291 1329 1429 1393 quod
1459 1333 1525 1376 sit
1554 1328 1749 1375 factum
1781 1335 1835 1374 et

326 1399 589 1445 conditum
619 1415 646 1444 a
675 1399 790 1453 deo,
818 1399 909 1445 sed
937 1415 1095 1444 unum
1122 1401 1287 1460 ipsum
1316 1398 1489 1454 deum,
1517 1400 1603 1460 qui
1629 1395 1753 1443 fecit
1782 1403 1836 1443 et

325 1467 553 1513 condidit
581 1470 765 1513 omnia.
836 1467 1167 1512 Disserentur
1191 1470 1291 1512 ista
1317 1465 1470 1512 latius
1495 1468 1605 1528 ipso
1632 1481 1752 1511 vero
1781 1471 1835 1511 et

325 1547 426 1581 uno
473 1535 570 1581 deo
618 1535 912 1590 adiuvante,
959 1552 1073 1581 cum
1126 1541 1181 1581 te
1233 1537 1459 1598 graviter
1504 1550 1658 1597 agere
1705 1532 1835 1579 velle

327 1620 628 1666 cognovero.

393 1777 410 1794 ‘¹
444 1770 496 1811 In
518 1770 718 1811 addition
740 1775 786 1811 to
808 1771 881 1811 the
903 1772 1146 1812 Donatists.

389 1826 690 1866 Nora—The
727 1830 814 1865 two
850 1826 1090 1877 preceding
1127 1827 1274 1866 letters
1309 1840 1383 1866 are
1418 1840 1586 1879 among
1619 1826 1693 1866 the
1734 1826 1831 1866 best

331 1879 497 1920 known
514 1880 603 1920 and
626 1885 741 1920 most
761 1880 1016 1932 frequently
1031 1881 1146 1921 cited
1169 1882 1218 1921 of
1235 1881 1526 1933 Augustine's
1541 1880 1831 1933 correspond-

329 1948 451 1975 ence.
514 1935 729 1980 Voltaire,
762 1936 831 1974 for
861 1935 1078 1987 example,
1108 1935 1274 1975 several
1305 1938 1433 1976 times
1464 1936 1600 1986 (Dict.
1630 1935 1831 1976 Philoso-

327 1990 506 2041 phique‚
528 2004 635 2030 surr.
655 1990 680 2005 “
699 1990 860 2036 Dieu,u
885 1990 908 2005 ‘⁶
928 1989 1051 2029 Idole
1068 1990 1119 2035 “’;
1156 1990 1304 2030 Τναῐίέ
1323 2005 1401 2030 aur
1423 1991 1466 2030 la
1491 1990 1736 2037 Τοῖέναησθ,
1757 1990 1828 2031 ch.

330 2047 382 2089 93
425 2045 450 2059 ‘⁶
470 2044 627 2083 Notice
656 2058 730 2083 sur
762 2045 960 2084 Maxime
986 2044 1040 2084 de
1074 2044 1335 2085 Madaure”
1362 2049 1408 2085 at
1437 2045 1512 2084 the
1542 2044 1656 2085 head
1687 2045 1737 2085 of
1762 2044 1829 2085 his

332 2098 619 2149 Soplaronime
641 2104 679 2137 et
700 2099 739 2137 A
749 2099 884 2150 delos)
907 2103 1064 2150 quotes
1088 2099 1316 2139 Maximus
1337 2112 1385 2139 as
1406 2099 1615 2139 evidence
1636 2099 1734 2139 that
1753 2099 1828 2139 the

331 2152 599 2204 polytheism
615 2152 665 2192 of
678 2153 744 2192 his
758 2155 863 2193 time
878 2167 967 2193 was
984 2153 1187 2199 tolerant,
1203 2153 1541 2205 philosophicaL
1555 2153 1645 2193 and
1659 2153 1828 2194 deistic.

327 2207 420 2247 The
440 2207 750 2247 monotheistic
766 2207 1051 2259 explanation
1074 2222 1162 2247 was
1180 2208 1240 2260 by
1251 2221 1350 2248 now
1369 2212 1547 2248 current
1567 2222 1734 2260 among
1754 2208 1829 2248 the.

330 2261 473 2301 better
489 2261 707 2301 educated
733 2275 906 2314 pagans
929 2262 1003 2314 (cf.
1025 2262 1133 2302 P.L.
1158 2264 1216 2303 iii.
1244 2265 1349 2302 1107
1367 2263 1391 2278 “
1414 2262 1602 2315 gentiles
1623 2264 1827 2314 quamvis

333 2315 449 2355 idola
470 2315 633 2363 colant,
659 2320 808 2356 tamen
831 2330 1057 2356 summurn
1089 2317 1234 2357 Deum
1259 2317 1435 2357 Patrem
1455 2321 1699 2357 creatorem
1723 2330 1828 2370 cog-

331 2374 520 2410 noscunt
537 2375 579 2410 et
595 2370 863 2410 confitentur
879 2371 930 2416 ”;
966 2371 1231 2412 Maximus's
1247 2385 1346 2411 own
1368 2371 1513 2411 words
1530 2385 1605 2411 are
1622 2371 1784 2411 almost
1800 2385 1827 2411 a

332 2424 471 2464 litera]
496 2425 759 2465 translation
775 2425 907 2465 ofthe
924 2439 1045 2465 verse
1063 2425 1228 2477 quoted
1244 2426 1304 2477 by
1320 2426 1597 2472 Lactantius,
1614 2426 1724 2467 Just.
1741 2428 1767 2466 i.
1783 2429 1824 2467 6.

335 2483 384 2519 15
415 2481 466 2518 εἷς
497 2482 596 2525 θεός,
629 2484 667 2519 ὃς
691 2482 808 2527 μόνος
835 2483 965 2530 ἄρχει,
995 2483 1276 2531 ὑπερμεγέθης,
1310 2481 1548 2531 ἀγένητος);
1575 2480 1656 2520 but
1678 2482 1709 2520 it
1736 2494 1826 2520 was

331 2533 502 2585 largely
522 2534 713 2586 inspired
726 2534 786 2586 by
797 2534 870 2574 the
885 2534 1083 2587 struggle
1098 2534 1674 2592 againstChristjanityand
1690 2537 1721 2575 it
1735 2549 1824 2576 was

332 2606 394 2645 30
