1866 2964
760 183 852 231 ST.
889 181 1299 231 AUGUSTINE

274 318 301 336 “
328 319 558 374 dicimus,
574 335 661 365 cur
676 334 778 364 non
794 319 1021 363 omnium
1037 314 1254 361 voluerit
1269 312 1459 361 delicta
1472 311 1782 360 memorare?

274 391 530 438 Utrumne
561 392 784 453 ingentis
816 386 1158 433 multitudinis
1191 402 1360 441 causa,
1392 401 1524 448 quae
1556 383 1783 431 nondum.

273 462 425 509 erat?
495 462 579 507 An
619 463 737 523 quia
776 458 975 504 illorum
1015 464 1238 512 tantum,
1279 459 1366 519 qui
1405 458 1784 510 commiserant,

271 536 523 587 meminit,
561 531 690 577 illius
740 546 876 584 vero,
915 532 999 592 qui
1037 528 1175 575 nulla
1217 530 1558 583 commiserat,
1606 529 1785 573 memi-

273 607 405 650 nisse
441 621 542 650 non
576 602 787 665 potuit?
858 598 1064 655 Certe,''
1099 602 1284 662 inquit,
1319 597 1347 614 “
1371 602 1535 662 primo
1568 601 1621 644 in
1653 604 1784 644 tem-

273 692 395 738 pore
422 675 592 721 Adam
618 681 671 719 et
695 673 821 728 Eva,
844 688 908 718 ex
934 673 1116 734 quibus
1138 670 1264 717 Cain
1285 677 1338 717 et
1363 669 1498 717 Abel
1516 672 1626 716 nati
1645 675 1783 724 sunt,

273 753 519 810 quattuor
562 744 792 790 homines
837 749 1043 789 tantum
1086 741 1241 789 fuisse
1284 740 1593 788 referuntur.
1663 739 1786 786 Pec-

273 821 407 864 caw't
449 818 575 872 Eva,
617 819 867 878 scriptura
908 813 1003 861 hoc
1043 814 1304 877 prodidit3
1364 813 1534 860 Adam
1576 827 1783 876 quoque

272 889 506 952 deliquit,
545 888 728 934 eadem
764 888 1013 948 scriptura
1050 902 1151 932 non
1187 888 1386 941 tacuit3
1441 885 1530 932 Sed
1569 890 1624 930 et
1660 882 1787 930 Cain

271 976 508 1024 peccasse
533 962 643 1022 ipsa
668 973 872 1021 quoque
897 960 1147 1020 scriptura
1170 963 1366 1003 testata
1391 963 1484 1002 est.
1555 954 1785 1014 Quorum

272 1049 374 1078 non
399 1031 550 1077 modo
576 1037 807 1093 peccata,
841 1045 1017 1075 verum
1051 1031 1208 1074 etiam
1239 1034 1568 1091 peccatorum
1592 1026 1787 1073 indicat

273 1102 593 1166 qualitatem.
665 1100 817 1159 Quod
864 1103 904 1146 si
953 1107 1007 1146 et
1055 1099 1189 1146 Abel
1235 1097 1552 1162 peccasset,'’
1600 1099 1786 1161 inquit,

273 1174 300 1190 “
328 1182 381 1221 et
410 1173 505 1221 hoc
536 1177 643 1220 sine
674 1173 829 1219 dubio
860 1175 1109 1234 scriptura
1140 1172 1353 1218 dixisset
1377 1186 1388 1226 3
1436 1173 1477 1216 si
1506 1186 1609 1216 non
1638 1169 1787 1224 dixit,

275 1263 396 1310 ergo
423 1263 515 1292 nec
540 1245 623 1290 ille
648 1241 933 1307 peccavitss'

223 1325 248 1364 9
339 1318 482 1364 Haec
520 1317 675 1362 verba
714 1316 779 1362 de
816 1314 944 1361 libro
985 1318 1090 1361 eius
1130 1314 1379 1377 decerpsi,
1418 1329 1551 1377 quae
1588 1315 1641 1359 in
1676 1314 1786 1374 ipso

273 1406 478 1453 quoque
500 1388 754 1435 volumine
780 1395 871 1434 tua
897 1390 1141 1433 sanctitas
1158 1389 1351 1449 poterit
1367 1388 1613 1440 invenire,
1630 1390 1689 1430 ut
1713 1386 1788 1429 in-

278 1460 536 1525 tellegatis
565 1477 719 1524 quem
746 1460 810 1505 ad
835 1458 1044 1505 modum
1072 1466 1125 1504 et
1145 1465 1317 1504 cetera
1337 1460 1551 1521 neganti
1576 1455 1785 1502 credere

273 1533 524 1590 debeatis,
555 1536 649 1579 nisi
681 1531 815 1578 forte
847 1531 985 1577 dicat
1014 1533 1182 1592 ipsum
1213 1529 1347 1576 Abel
1376 1527 1501 1575 nihil
1530 1543 1786 1591 peccasse,

272 1605 363 1651 sed
397 1605 512 1651 ideo
547 1621 649 1651 non
683 1603 837 1650 fuisse
873 1605 980 1648 sine
1015 1609 1228 1664 peccato
1264 1609 1317 1648 et
1350 1601 1467 1648 ideo
1501 1617 1604 1646 non
1636 1615 1784 1662 posse

272 1677 477 1723 domino
517 1678 816 1738 comparari,
857 1677 943 1737 qui
982 1676 1034 1718 in
1073 1690 1223 1719 carne
1262 1671 1466 1719 mortali
1505 1671 1638 1718 solus
1677 1674 1785 1717 sine

272 1755 485 1810 peccato
519 1747 635 1802 fuit,
670 1749 789 1810 quia
829 1752 940 1791 erat
979 1748 1031 1790 in
1065 1744 1198 1790 Abel
1237 1743 1482 1808 originale
1515 1749 1787 1805 peccatum

274 1819 411 1882 quod
448 1820 512 1865 de
551 1818 719 1865 Adam
757 1823 1006 1871 traxerat,
1044 1833 1146 1862 non
1182 1819 1234 1861 in
1270 1831 1324 1861 se
1361 1818 1471 1877 ipso
1506 1817 1616 1876 ipse
1653 1829 1787 1859 com-

272 1893 749 1937 miserat—utinam
790 1888 973 1934 saltem
1012 1887 1106 1934 hoc
1143 1887 1298 1942 dicat,
1336 1893 1395 1932 ut
1431 1887 1637 1931 interim
1680 1887 1786 1930 eius

273 1963 336 2009 de
375 1963 631 2025 baptismo
667 1959 992 2023 parvulorum
1031 1966 1223 2005 certam
1255 1959 1568 2004 sententiam
1605 1963 1785 2002 tenere

272 2037 519 2096 possimus
547 2034 716 2080 l—aut
745 2035 784 2078 si
812 2030 964 2085 forte,
995 2033 1235 2093 quoniam
1263 2030 1394 2076 dixit
1423 2027 1450 2043 “
1477 2028 1542 2074 ab
1569 2026 1787 2073 infantia

272 2121 433 2167 usque
459 2105 523 2151 ad
547 2101 924 2158 senectutem,’'
948 2102 1064 2148 ideo
1089 2102 1225 2147 dicat
1250 2099 1383 2146 Abel
1406 2116 1508 2145 non
1529 2114 1787 2162 peccasse,

275 2179 395 2239 quia
441 2193 535 2221 nec
584 2178 810 2221 senuisse
858 2180 1188 2219 monstratur.
1261 2171 1375 2217 Non
1422 2169 1516 2217 hoc
1557 2170 1786 2216 indicant

273 2248 428 2293 verba
456 2251 561 2293 cius
580 2263 590 2302 ;
618 2247 681 2293 ab
699 2249 843 2292 initio
863 2248 1082 2307 priorem
1101 2247 1258 2290 vitam
1281 2243 1411 2289 dixit
1426 2243 1783 2304 peccatricem,

272 2322 607 2381 posteriorem
635 2334 753 2364 vero
781 2332 929 2379 posse
959 2332 1068 2362 esse
1097 2318 1204 2361 sine
1231 2321 1460 2378 peccato.
1531 2313 1622 2359 Ait
1650 2314 1785 2358 enim

333 2502 351 2519 ‘¹
383 2496 488 2536 This
522 2509 710 2548 passage
743 2496 859 2535 from
894 2493 1101 2546 Pelagius
1134 2495 1169 2534 is
1202 2494 1337 2545 again
1369 2489 1536 2544 quoted
1569 2489 1659 2530 and
1691 2489 1782 2530 dis-

277 2551 433 2591 01155οᾶ
456 2552 516 2603 by
540 2552 793 2603 Augustine
815 2552 858 2589 in
881 2549 945 2589 De
967 2549 1144 2589 Natura
1168 2553 1206 2588 et
1231 2547 1403 2595 Gratia,
1425 2549 1467 2594 ἓξ
1485 2548 1631 2586 43-45.

274 2621 369 2662 318
