1866 2964
783 216 874 264 ST.
913 215 1321 264 AUGUSTINE

298 349 518 405 voluisti,
563 353 666 396 sive
710 352 763 395 in
809 348 934 405 aliis,
979 365 1334 412 quaecumque
1378 355 1553 396 nostra
1594 351 1648 394 in
1690 355 1808 395 tuas

295 439 496 479 sanetas
523 448 704 478 manus
732 430 864 478 forte
892 434 1240 494 pervenerint,
1268 434 1387 494 quia
1415 434 1546 477 Sicut
1573 431 1657 477 dei
1684 431 1808 477 data

296 517 364 560 sie
385 518 542 561 etiam
561 530 677 560 mea
698 521 867 560 errata
886 516 1073 576 cogito,
1092 530 1194 560 non
1214 512 1375 559 solum
1395 529 1567 559 curam
1586 508 1806 576 legentis

294 596 562 659 inpendas,
586 596 677 643 sed
701 598 858 642 etiam
883 612 1150 642 censuram
1175 597 1474 658 corrigentis
1500 594 1752 640 adsumas.

730 832 823 879 No.
855 838 911 880 13
937 832 1053 896 (Ep.
1079 831 1381 894 XXXVIII)

533 963 763 1004 FRATRI
796 961 1180 1004 PROFUTURO
1211 960 1620 1003 AUGUSTINUS

250 1091 270 1129 1
362 1083 653 1130 Secundum
677 1085 930 1145 spiritum,
955 1088 1206 1145 quantum
1231 1082 1435 1128 domino
1458 1079 1629 1144 placet
1654 1087 1810 1144 atque

296 1169 405 1228 ipse
438 1168 568 1212 vires
598 1165 848 1227 praebere
880 1164 1140 1228 dignatur,
1170 1170 1312 1210 recte
1346 1178 1554 1218 sumus3
1602 1178 1812 1225 corpore

299 1254 475 1294 autem
496 1263 592 1311 ego
611 1250 664 1292 in
681 1245 816 1292 lecto
836 1263 947 1292 sum
972 1261 983 1301 3
1008 1262 1101 1291 nee
1123 1244 1384 1292 ambulare
1405 1247 1541 1291 enim
1560 1260 1656 1290 nec
1674 1251 1811 1290 stare

297 1347 392 1376 nec
423 1330 602 1376 sedere
632 1345 839 1391 possum
868 1326 1108 1392 rhagadis
1138 1326 1220 1373 vel
1250 1325 1522 1374 exochadis
1553 1325 1726 1373 dolore
1758 1333 1813 1372 et

298 1420 517 1458 tumore.
587 1410 689 1458 Sed
721 1414 879 1457 etiam
911 1413 998 1466 sic,
1031 1412 1272 1473 quoniam
1302 1409 1356 1456 id
1387 1409 1592 1456 domino
1622 1407 1813 1471 placet,

300 1494 424 1558 quid
466 1493 604 1540 aliud
646 1493 920 1540 dicendum
970 1499 1066 1547 est,
1108 1495 1203 1538 nisi
1246 1494 1366 1554 quia
1412 1497 1553 1537 recte
1597 1490 1812 1536 sumus?

302 1575 477 1623 Potius
513 1578 667 1631 enim,
702 1578 742 1621 si
775 1575 828 1621 id
864 1573 1098 1621 nolumus
1136 1573 1274 1636 quod
1305 1572 1390 1619 ille
1424 1571 1551 1628 vult,
1584 1589 1675 1619 nos
1711 1571 1814 1618 cul-

299 1659 456 1721 pandi
487 1674 677 1712 sumus,
709 1674 863 1720 quarn
892 1655 976 1702 ille
1009 1673 1110 1702 non
1139 1662 1281 1702 reete
1313 1654 1505 1718 aliquid
1533 1653 1616 1700 vel
1642 1652 1814 1700 faeere

302 1739 382 1786 vel
410 1743 575 1786 sinere
606 1738 976 1785 existimandus
1007 1745 1100 1784 est.
1164 1737 1311 1783 Nosti
1338 1735 1467 1783 haee
1494 1738 1665 1783 omnia
1687 1751 1699 1792 3
1722 1735 1815 1783 sed

302 1825 421 1886 quia
443 1820 567 1868 mihi
591 1837 644 1868 es
668 1820 798 1867 alter
822 1837 936 1884 ego,
959 1820 1082 1883 quid
1101 1819 1345 1866 libentius
1367 1825 1540 1865 tecum
1561 1817 1816 1881 loquerer,

302 1907 397 1951 nisi
451 1904 589 1967 quod
640 1919 843 1949 mecum
895 1901 1115 1965 quuor?
1207 1900 1638 1948 Commendamus
1691 1916 1814 1964 ergo

303 1989 490 2033 sanctis
521 1986 834 2032 orationibus
864 1987 966 2031 tuis
998 1990 1051 2030 et
1081 1984 1189 2030 dies
1221 1989 1275 2029 et
1304 1989 1480 2029 noctes
1509 1988 1727 2037 nostras,
1755 1988 1816 2028 ut

304 2071 459 2115 oretis
483 2085 574 2130 pro
598 2068 761 2122 nobis,
786 2083 850 2112 ne
875 2067 1055 2113 diebus
1079 2068 1488 2127 intemperanter
1510 2070 1733 2119 utamur,
1756 2069 1817 2110 ut

304 2157 481 2197 noctes
503 2166 667 2213 aequo
690 2152 858 2195 animo
877 2147 1173 2202 toleremus,
1194 2153 1270 2202 ut,
1291 2149 1449 2193 etiam
1469 2148 1510 2192 si
1530 2143 1816 2192 ambulemus

304 2232 352 2279 in
396 2231 545 2278 medio
588 2229 776 2277 umbrae
819 2229 995 2286 mortis,
1039 2230 1302 2276 nobiscum
1345 2231 1411 2274 sit
1454 2227 1706 2283 dominus,
1748 2243 1814 2273 ne

305 2313 548 2361 timeamus
572 2313 713 2360 mala.

371 2482 390 2500 ‘²
422 2476 504 2517 See
526 2475 682 2523 above,
703 2488 747 2527 p.
772 2476 825 2514 56
847 2478 950 2514 note
971 2474 1007 2514 b.

371 2531 386 2555 δ
416 2530 650 2582 Rleayades
683 2530 877 2581 (rhemos,
909 2528 1142 2580 γΙιαςατῖἰα,
1174 2524 1459 2579 rhayadium)
1498 2527 1534 2565 is
1568 2539 1595 2566 a
1629 2524 1812 2573 “tear,'’

312 2584 499 2632 “rent‚”
539 2582 741 2624 “back''
781 2584 832 2624 of
873 2582 949 2623 the
995 2581 1099 2622 skin
1142 2582 1300 2634 (ῥα-γᾶς,
1348 2579 1571 2632 ῥαγάδια);
1620 2580 1813 2629 exochas,

324 2657 417 2696 104
