1866 2964
719 177 810 227 ST.
849 178 1258 227 AUGUSTINE

236 315 286 358 in
309 311 446 359 illam
470 312 766 359 violentiam
790 315 1282 376 perseverantissimi
1306 312 1536 359 clamoris
1562 313 1742 358 erexit.

237 398 351 445 Non
392 415 477 445 eos
518 401 680 461 turpis
721 398 1016 461 cupiditatis
1056 402 1263 462 insuper
1303 414 1615 453 accusemus,
1654 397 1746 443 sed

234 487 397 547 magis
434 484 626 530 bonurn
663 484 801 547 quod
835 487 931 547 ipsi
963 501 1065 530 non
1096 483 1308 540 habent,
1339 483 1524 530 saltem
1553 486 1607 529 in
1638 481 1745 541 aliis

235 569 447 632 diligere
467 573 575 616 sine
595 573 803 616 crimine
822 573 1198 632 permittamus.
1269 569 1402 616 Nam
1422 572 1519 616 etsi
1537 567 1747 615 fuerunt

234 654 305 700 illi
326 654 645 702 multitudini
666 658 908 718 permixti
930 658 1106 718 inopes
1128 655 1209 701 vel
1230 655 1468 711 mendici,
1491 657 1578 718 qui
1599 652 1747 700 simul

237 739 529 786 clamabant
569 747 622 787 et
662 740 726 787 de
766 747 937 787 vestra
975 741 1254 787 venerabili
1291 740 1637 788 redundantia
1673 741 1747 785 in-

237 826 498 890 digentiae
539 843 661 873 suae
702 827 1120 890 supplementum
1161 828 1457 891 sperabant,
1496 843 1592 873 nec
1629 829 1747 882 ista,

237 919 295 958 ut
320 913 553 968 arbitror,
578 914 829 976 cupiditas
855 917 1017 976 turpis
1043 921 1137 961 est.

207 1009 232 1047 8
322 999 505 1046 Restat
527 1016 648 1063 ergo
674 1007 731 1046 ut
750 1003 848 1046 iste
868 1004 1116 1063 pecuniae
1134 1004 1453 1064 turpissimus
1487 1003 1748 1064 appetitus

238 1101 301 1130 ex
333 1085 537 1148 obliquo
567 1089 620 1131 in
650 1086 854 1133 clericos
887 1093 942 1133 et
970 1090 1194 1134 maxime
1224 1090 1277 1133 in
1308 1090 1602 1150 episcopum
1633 1087 1749 1134 diri—

237 1178 404 1234 gatur.
498 1172 600 1218 Nos
640 1176 775 1219 enim
810 1174 962 1220 rebus
1001 1173 1243 1220 ecclesiae
1293 1174 1540 1220 dominari
1577 1176 1750 1220 existi-

237 1275 454 1314 mamur,
479 1275 569 1305 nos
596 1260 776 1322 opibus
806 1258 919 1306 frui.
991 1260 1257 1307 Postremo
1283 1261 1526 1323 quicquid
1550 1261 1614 1308 de
1638 1263 1748 1306 istis

238 1360 327 1389 nos
373 1347 678 1407 accepimus,
722 1362 812 1391 nos
857 1345 936 1391 vel
981 1345 1146 1393 adhuc
1189 1347 1506 1410 possidemus
1549 1346 1647 1402 vel,
1691 1352 1750 1392 ut

238 1429 448 1491 placuit,
486 1433 842 1493 erogavimus3
881 1430 1005 1477 nihil
1040 1432 1160 1478 inde
1197 1432 1386 1495 populo
1425 1439 1572 1479 extra
1607 1431 1750 1478 cleri-

238 1522 410 1562 catum
442 1516 522 1562 vel
554 1523 702 1562 extra
725 1521 1093 1564 monasterium
1120 1522 1403 1565 constituto
1433 1522 1529 1565 nisi
1553 1521 1749 1582 paucis-

235 1604 371 1648 simis
391 1603 740 1666 indigentibus
761 1603 933 1667 largiti
953 1621 1140 1651 sumus
1204 1605 1319 1652 Non
1345 1622 1466 1669 ergo
1492 1605 1604 1652 dico
1629 1608 1749 1668 quia

237 1687 318 1733 vel
342 1691 393 1733 in
419 1705 508 1734 nos
528 1692 751 1735 maxime
778 1706 807 1735 a
832 1690 971 1736 vobis
999 1691 1097 1737 dici
1121 1694 1219 1737 ista
1245 1691 1553 1747 debuerunt,
1573 1707 1749 1738 verum

238 1780 415 1820 tamen
439 1777 491 1819 in
516 1791 606 1821 nos
632 1774 761 1821 solos
788 1776 1100 1822 credibiliter
1125 1777 1222 1824 dici
1247 1784 1544 1840 potuerunt.
1614 1776 1751 1835 Quid

240 1875 361 1923 ergo
411 1858 700 1907 faciemus?
771 1860 886 1920 Qua
936 1879 1044 1918 nos,
1095 1866 1135 1908 si
1186 1863 1323 1926 apud
1371 1867 1598 1910 inimicos
1648 1879 1751 1909 non

238 1962 523 2008 possumus,
549 1947 733 1993 saltem
761 1948 897 2010 apud
924 1965 1009 1994 vos
1036 1952 1234 1996 ratione
1260 1965 1538 2013 purgamus
1562 1949 1580 1995 ?
1649 1948 1749 1995 Res

238 2031 365 2078 haec
404 2035 558 2078 animi
597 2040 693 2089 est,
731 2036 868 2080 intus
909 2041 1006 2091 est,
1043 2035 1219 2097 procul
1257 2036 1321 2082 ab
1359 2035 1513 2082 oculis
1552 2042 1750 2082 secreta

238 2117 531 2164 mortalium
568 2119 664 2166 deo
701 2126 904 2166 tantum
942 2121 1093 2167 modo
1129 2128 1254 2168 nota
1291 2129 1383 2168 est.
1455 2120 1593 2180 Quid
1628 2138 1750 2185 ergo

239 2210 402 2250 restat
444 2206 539 2250 nisi
576 2204 731 2250 deum
767 2209 964 2261 testari,
1003 2209 1082 2252 cui
1125 2214 1247 2253 nota
1285 2207 1400 2253 est?
1462 2206 1592 2253 Cum
1628 2222 1752 2270 ergo

239 2288 303 2334 de
343 2289 486 2335 nobis
524 2292 624 2335 ista
662 2293 882 2345 sentitis,
922 2307 1022 2337 non
1070 2295 1362 2354 praecipitis
1412 2291 1549 2354 quod
1587 2291 1750 2338 multo

238 2373 419 2420 melius
460 2380 538 2420 est
578 2381 631 2420 et
671 2375 807 2437 quod
845 2374 968 2420 mihi
1007 2379 1057 2421 in
1098 2376 1317 2438 epistula
1354 2384 1446 2423 tua
1482 2383 1749 2440 tamquam

240 2459 490 2522 culpabile
521 2460 844 2507 obiciendum
881 2465 1094 2524 putasti,
1123 2463 1214 2509 sed
1250 2466 1455 2510 omnino
1483 2466 1663 2526 cogitis
1692 2470 1751 2510 ut

238 2548 479 2602 iuremus,
514 2563 615 2592 non
650 2549 910 2594 intentato
943 2555 1087 2595 metu
1120 2552 1297 2596 mortis
1330 2552 1492 2596 carnis
1526 2556 1749 2605 nostrae,

246 2629 339 2670 238
