1866 2964
729 143 820 190 ST.
858 143 1265 191 AUGUSTINE

246 274 415 338 qualia
439 275 671 322 dominus
698 283 751 322 et-
774 276 1070 338 redemptor
1093 283 1284 332 noster,
1309 279 1395 339 qui
1418 278 1625 322 mentiri
1648 291 1750 320 non

245 360 434 415 potest,
486 361 703 400 ventura
753 355 1023 417 praedixit.
1094 354 1210 401 Non
1261 354 1423 401 solum
1475 371 1596 417 ergo
1647 369 1751 399 non

246 431 446 478 debetis
475 435 640 478 minus
671 431 839 479 facere
870 449 1025 495 opera
1052 433 1443 489 misericordiae,
1473 432 1564 479 sed
1594 433 1751 478 etiam

247 509 447 556 debetis
475 509 688 573 amplius
725 527 878 573 quam
913 510 1100 558 soletis.
1171 510 1312 558 Sicut
1348 514 1483 557 enim
1531 510 1597 557 ad
1642 508 1752 555 loca

246 591 519 634 munitiora
566 587 856 635 festinatius
904 592 1145 653 migrant,
1194 592 1280 652 qui
1326 592 1525 636 ruinam
1572 588 1751 635 domus

248 666 423 712 vident
486 669 714 713 contritis
778 668 1059 729 parietibus
1121 670 1406 723 imminere,
1469 670 1538 713 sic
1599 665 1752 712 corda

247 743 533 790 Christiana
553 751 746 807 quanto
765 748 926 808 magis
946 748 1177 792 sentiunt
1194 745 1371 792 mundi
1388 744 1537 791 huius
1555 747 1754 791 ruinam

246 822 683 869 crebrescentibus
734 822 1146 870 tribulationibus
1196 826 1556 887 propinquare,
1605 829 1754 869 tanto

246 903 408 963 magis
434 900 628 947 debent
660 901 795 947 bona
825 917 957 964 quae
982 904 1034 947 in
1057 908 1195 948 terra
1217 902 1495 949 recondere
1520 901 1754 964 dispone-

246 978 390 1034 bant,
406 981 459 1023 in
474 977 772 1025 thesaurum
790 978 1066 1026 caelestem
1084 983 1285 1043 inpigra
1304 979 1568 1026 celeritate
1592 987 1756 1026 trans-

247 1055 398 1111 ferre,
426 1062 501 1112 ut,
529 1059 569 1102 si
596 1055 750 1119 aliqui
777 1055 1028 1104 humanus
1063 1074 1205 1104 casus
1245 1058 1501 1114 acciderit,
1528 1057 1756 1121 gaudeat

249 1137 335 1197 qui
374 1134 437 1181 de
477 1134 585 1180 loco
623 1138 826 1182 ruinoso
866 1139 1152 1199 emigravit,
1191 1139 1232 1182 si
1271 1143 1446 1183 autem
1488 1135 1613 1182 nihil
1649 1134 1754 1182 tale

246 1211 402 1259 fuerit
434 1212 782 1269 subsecutum,
814 1230 916 1260 non
948 1217 1296 1270 contristetur,
1329 1217 1416 1278 qui
1448 1214 1756 1278 quandoque

249 1294 520 1337 moriturus
555 1291 811 1338 inmortali
851 1291 1055 1338 domino
1095 1293 1160 1339 ad
1193 1309 1348 1356 quem
1384 1299 1628 1339 venturus
1660 1299 1756 1347 est,

248 1370 382 1416 bona
407 1372 608 1431 propria
635 1370 1028 1417 commendavit.
1053 1370 1256 1434 Itaque,
1280 1370 1463 1418 fratres
1482 1373 1581 1417 mei
1604 1369 1757 1417 dilec-

249 1450 448 1503 tissimi,
487 1464 549 1494 ex
589 1464 649 1494 eo
687 1449 823 1511 quod
857 1451 1072 1512 quisque
1111 1448 1288 1505 habet,
1322 1449 1603 1496 secundum
1641 1465 1756 1495 suas

250 1529 397 1581 vires,
432 1542 558 1589 quas
590 1529 699 1588 ipse
738 1529 896 1582 novit,
927 1525 1081 1574 facite
1119 1527 1256 1590 quod
1289 1527 1479 1583 soletis,
1517 1526 1757 1574 alacriore

251 1607 419 1650 animo
468 1621 622 1666 quam
661 1603 852 1660 soletis,
893 1612 946 1651 et
984 1608 1118 1652 inter
1166 1622 1341 1652 omnes
1384 1605 1571 1652 saeculi
1608 1604 1756 1652 huius

251 1681 509 1728 molestias
543 1682 872 1744 apostolicam
899 1682 1311 1731 exhortationem
1340 1684 1491 1731 corde
1516 1687 1758 1740 retinete,

252 1761 337 1806 ubi
365 1763 436 1806 ait
457 1777 466 1806 :
509 1760 744 1807 Dominus
768 1760 817 1807 in
838 1761 1051 1824 prm-imo
1070 1768 1137 1808 est
1153 1781 1174 1815 ;
1208 1762 1326 1809 nihil
1343 1761 1528 1809 solliciti
1538 1759 1756 1825 fueritis.

251 1837 393 1884 Talia
422 1837 543 1884 mihi
575 1839 640 1885 de
671 1839 811 1885 vobis
845 1842 1165 1896 nuntientur,
1196 1841 1379 1904 quibus
1406 1844 1631 1887 noverim
1657 1857 1759 1887 non

251 1924 461 1979 propter
485 1933 654 1963 meam
683 1921 1028 1980 praesentiam
1055 1919 1144 1965 sed
1174 1926 1385 1981 propter
1409 1919 1493 1966 dei
1517 1935 1760 1981 praecep-

252 2002 382 2050 tum,
425 1997 512 2059 qui
554 2012 834 2058 numquam
878 2003 956 2042 est
1003 1997 1203 2052 absens,
1246 2014 1331 2044 vos
1380 1996 1541 2043 solere
1589 1995 1759 2043 facere

254 2073 391 2136 quod
418 2072 591 2119 multis
625 2077 767 2120 annis
798 2090 882 2120 me
906 2082 1180 2136 praesente
1212 2082 1266 2122 et
1296 2074 1568 2138 aliquando
1602 2078 1759 2122 etiam

253 2167 336 2197 me
364 2151 578 2197 absente
602 2149 809 2198 fecistis.
873 2152 1123 2199 Dominus
1145 2170 1230 2200 vos
1252 2156 1303 2199 in
1328 2170 1455 2216 pace
1475 2159 1759 2209 conservet,

255 2228 567 2274 dilectissimi
594 2228 777 2275 fratres
804 2245 814 2284 3
851 2237 993 2276 orate
1020 2247 1109 2292 pro
1135 2231 1295 2277 nobis.

830 2382 849 2402 ‘²
883 2376 994 2419 Phil.
1019 2379 1073 2419 iv.
1098 2381 1184 2421 5-6.

260 2567 357 2616 216
