1850 2964
796 217 888 265 ST.
924 216 1334 265 AUGUSTINE

311 354 433 401 dum
480 351 703 408 volente,
740 367 843 397 non
880 349 1162 397 secundum
1209 366 1386 397 sanam
1431 350 1717 403 doctrinam
1761 357 1818 398 te

310 438 591 498 suscepisse
618 436 846 498 cognovi.
917 432 1099 496 Neque
1129 435 1265 479 enim
1291 436 1512 496 corporis
1538 436 1615 480 tui
1641 433 1818 481 debito

308 517 624 565 fraudandus
665 515 782 572 fuit,
823 518 1120 578 priusquam
1163 515 1229 562 ad
1275 514 1402 562 illud
1441 516 1633 562 bonum
1681 515 1820 579 quod

312 607 522 663 superat
560 599 861 662 pudicitiam
901 596 1240 661 coniugalem,
1280 605 1403 644 tuae
1443 596 1697 644 voluntati
1736 614 1821 644 vo-

311 682 481 729 luntas
513 697 717 746 quoque
749 683 856 727 eius
887 681 1174 736 accederet,
1203 683 1298 726 nisi
1327 678 1461 727 forte
1491 697 1594 727 non
1621 679 1821 744 legeras

312 781 407 812 nec
428 764 661 812 audieras
680 762 762 810 vel
779 780 882 809 non
902 763 1210 810 adtenderas
1232 761 1519 825 apostolum
1537 763 1822 810 dicentem:

312 847 497 894 Bonum
515 853 583 893 est
600 844 775 893 homiui
792 844 1026 892 mulierem
1044 861 1135 892 uon
1154 851 1342 909 tangere
1351 864 1374 899 ,·
1404 851 1597 910 propter
1600 843 1824 911 fornica-

313 929 459 977 tiones
495 935 646 976 autem
682 927 1001 992 unusquisque
1036 944 1169 974 suam
1205 944 1393 974 uxorem
1429 926 1597 974 habeat
1630 933 1674 974 et
1706 943 1824 974 una-

314 1028 525 1077 quaeque
553 1028 687 1058 suum
717 1010 866 1057 virum
891 1009 1073 1056 habeat.
1151 1009 1300 1057 Uxori
1323 1009 1395 1056 vir
1418 1008 1619 1056 debitum
1641 1008 1825 1066 reddat,

314 1093 525 1142 similiter
550 1099 701 1140 autem
727 1099 769 1139 et
792 1109 911 1140 uxor
935 1091 1048 1139 viro.
1127 1092 1257 1139 Uxor
1280 1109 1372 1139 non
1398 1091 1534 1139 habet
1551 1097 1825 1157 potestatem

314 1175 522 1242 corporis
557 1175 632 1223 sui
667 1174 749 1223 sed
784 1174 889 1231 vir3
945 1173 1156 1221 similiter
1192 1181 1343 1222 autem
1379 1181 1422 1221 et
1457 1173 1528 1221 vir
1562 1191 1654 1222 uon
1690 1172 1826 1221 habet

309 1265 583 1324 potestatem
631 1256 839 1322 corporis
887 1256 961 1304 suz'
1009 1256 1091 1304 sed
1138 1256 1317 1304 mulier.
1386 1256 1546 1304 Nolite
1580 1255 1826 1322 fraudare

315 1340 508 1388 invicem
539 1339 632 1388 nisi
663 1357 719 1387 ex
750 1356 974 1386 consensu
1007 1338 1070 1385 ad
1100 1346 1294 1404 tempus,
1325 1345 1376 1386 ut
1406 1338 1577 1386 vacetis
1607 1337 1824 1396 orationi,

316 1431 359 1471 et
397 1423 561 1471 iterum
603 1422 665 1469 ad
704 1421 754 1469 id
793 1421 945 1486 ipsum
986 1428 1142 1478 estote,
1182 1439 1239 1468 ue
1277 1438 1359 1469 vos
1399 1428 1581 1486 temptet
1619 1421 1826 1469 Satanas

310 1513 502 1571 propter
524 1503 898 1552 incontinentiam
922 1511 1135 1551 vestram.
1206 1503 1497 1552 Secundum
1519 1503 1647 1551 haec
1669 1505 1827 1551 verba

319 1587 613 1652 apostolica,
644 1590 802 1634 etiam
831 1590 871 1634 si
901 1604 954 1634 se
983 1590 1092 1650 ipse
1121 1590 1383 1634 continere
1412 1586 1654 1634 voluisset
1683 1593 1738 1634 et
1765 1593 1825 1633 tu

318 1670 581 1726 noluisses,
608 1670 841 1717 debitum
866 1670 961 1716 tibi
986 1669 1202 1716 reddere
1228 1659 1499 1733 cogeretur
1525 1676 1579 1716 et
1602 1668 1674 1715 illi
1699 1669 1825 1717 deus

316 1756 581 1817 inputaret
609 1755 997 1807 continentiam,
1022 1754 1062 1798 si
1091 1769 1193 1798 non
1222 1767 1344 1798 suae
1375 1752 1466 1799 sed
1490 1759 1612 1799 tuae
1637 1752 1824 1799 cedens

317 1836 621 1891 infirmitati,
682 1851 747 1881 ne
807 1837 861 1880 in
923 1833 1161 1881 adulterii
1221 1833 1512 1882 damnabile
1572 1833 1825 1899 flagitium

319 1918 547 1974 caderes,
589 1915 878 1964 maritalem
921 1917 1016 1963 tibi
1059 1917 1387 1963 concubitum
1430 1933 1533 1963 non
1574 1923 1826 1981 negaret3

321 2007 515 2065 quanto
553 2002 717 2063 magis
756 2006 829 2055 te,
870 2015 1024 2062 quam
1062 2001 1225 2062 magis
1265 1999 1548 2046 subiectam
1589 2015 1699 2046 esse
1739 1999 1826 2047 de-

321 2089 516 2138 cuerat,
569 2098 634 2128 ne
687 2084 796 2144 ipse
852 2096 1056 2144 quoque
1110 2083 1162 2126 in
1217 2080 1525 2128 adulterium
1578 2081 1828 2129 diabolica

322 2167 666 2228 temptatione
716 2161 1026 2218 traheretur,
1076 2165 1129 2208 in
1178 2163 1441 2210 reddendo
1490 2162 1639 2211 huius
1687 2164 1827 2211 modi

323 2248 498 2294 debito
532 2245 785 2293 voluntati
819 2248 926 2291 eius
960 2246 1319 2308 obtemperare
1352 2252 1678 2302 convenerat,
1710 2263 1827 2293 cum

322 2330 417 2377 tibi
464 2327 785 2375 voluntatem
833 2327 1128 2374 continendi
1176 2334 1470 2390 acceptaret
1517 2327 1661 2385 deus,
1708 2331 1829 2392 quia

323 2418 597 2474 propterea
619 2427 721 2456 non
744 2407 957 2465 faceres,
980 2425 1046 2455 ne
1069 2411 1261 2472 periret
1282 2411 1495 2456 maritus
1518 2409 1528 2457 !

276 2504 299 2543 3
389 2492 490 2539 Sed
535 2491 648 2547 hoc,
695 2498 754 2538 ut
802 2492 924 2546 dixi,
971 2494 1172 2546 omitto,
1220 2494 1460 2554 quoniam
1505 2499 1688 2554 postea
1733 2493 1828 2540 tibi

877 2595 895 2614 ‘²
933 2593 948 2630 l
977 2589 1075 2630 Cor.
1098 2591 1170 2630 vii.
1200 2593 1282 2632 1-5.

333 2663 426 2704 502
