1866 2964
732 177 823 224 ST.
862 176 1270 224 AUGUSTINE

247 325 517 355 nervorum
550 326 754 355 suorum
785 308 1063 355 luctamine
1095 307 1220 354 nihil
1251 311 1378 355 certi
1409 311 1646 371 cuiquam
1677 323 1732 353 re

244 376 475 439 linquere
507 380 706 433 nititur,
736 380 846 439 ipsa
877 394 932 423 re
966 376 1235 440 adprobes,
1267 379 1354 440 qui
1385 380 1451 423 sit
1480 379 1579 422 iste
1612 376 1757 431 deus,

247 462 401 508 quem
438 446 577 491 vobis
614 444 888 491 Christiani
924 448 1068 508 quasi
1102 448 1362 508 proprium
1398 444 1666 490 vindicatis
1703 450 1758 489 et

247 516 300 558 in
339 512 458 559 locis
500 513 687 559 abditis
725 520 1055 576 praesentem
1095 529 1181 559 vos
1222 513 1396 560 videre
1436 511 1755 574 componitis.

250 581 353 627 Nos
374 584 567 627 etenim
587 581 709 627 deos
728 588 926 627 nostros
944 580 1058 627 luce
1077 580 1247 643 palam
1268 587 1389 627 ante
1409 579 1578 627 oculos
1599 586 1757 642 atque

249 665 397 695 aures
429 652 655 695 omnium
685 648 978 695 mortalium
1008 652 1104 711 piis
1135 650 1370 712 precibus
1402 648 1671 695 adoramus
1705 653 1759 694 et

249 733 342 780 per
384 733 564 763 suaves
606 716 798 763 hostias
846 720 1092 779 propitios
1141 717 1285 763 nobis
1335 716 1577 763 efficimus
1627 722 1681 762 et
1731 731 1759 761 a

251 788 446 831 cunctis
470 784 597 831 haec
621 788 759 831 cerni
784 791 838 831 et
859 786 1064 848 probari
1086 785 1458 832 contendimus.

192 860 219 897 4
307 851 409 899 Sed
453 852 666 899 ulterius
714 852 830 899 huic
872 856 1140 899 certamini
1180 869 1264 899 me
1312 869 1470 899 senex
1511 850 1760 897 invalidus

251 919 496 967 subtraho
520 928 573 968 et
594 924 647 967 in
668 924 981 967 sententiam
1007 921 1282 967 Mantuani
1302 920 1520 967 rhetoris
1541 919 1764 966 libenter

252 1005 411 1053 pergo
435 1005 446 1036 :

643 1056 793 1096 trahat
814 1070 893 1096 ¹sua
916 1069 1141 1109 quemque
1160 1055 1381 1109 voluptas.

256 1141 379 1188 Post
411 1141 538 1189 haec
573 1159 675 1189 non
709 1143 907 1198 dubito,
941 1145 1015 1188 vir
1050 1145 1254 1198 eximie,
1289 1144 1376 1205 qui
1411 1158 1439 1187 a
1472 1157 1590 1187 mea
1622 1146 1765 1187 secta

255 1211 490 1266 deviasti,
520 1209 651 1257 hanc
685 1210 957 1273 epistulam
991 1210 1273 1273 aliquorum
1306 1209 1444 1257 furto
1477 1210 1764 1256 detractam

254 1278 470 1325 flammis
503 1278 584 1325 vel
616 1278 846 1342 quolibet
877 1285 1030 1341 pacto
1062 1282 1360 1341 perituram.
1429 1277 1581 1336 Quod
1612 1280 1652 1324 si
1685 1293 1766 1323 ac-

255 1347 454 1402 ciderit,
481 1350 578 1393 erit
605 1347 849 1394 damnum
875 1346 1157 1402 chartulae,
1190 1364 1292 1393 non
1318 1349 1477 1393 nostri
1502 1347 1766 1400 sermonis,

255 1418 396 1461 cuius
450 1414 712 1477 exemplar
762 1431 922 1477 penes
974 1431 1150 1461 omnes
1201 1414 1462 1478 religiosos
1512 1419 1766 1476 perpetuo

255 1483 506 1529 retinebo.
578 1483 663 1529 Dii
693 1490 747 1529 te
779 1490 1003 1538 servent,
1034 1499 1126 1545 per
1157 1499 1282 1546 quos
1315 1489 1368 1528 et
1400 1499 1575 1529 eorum
1607 1488 1764 1544 atque

257 1558 556 1597 cunctorum
598 1550 891 1597 mortalium
933 1567 1257 1597 communem
1300 1557 1502 1613 patrem
1545 1551 1766 1596 universi

255 1618 516 1674 mortales,
553 1636 677 1682 quos
713 1626 852 1665 terra
887 1622 1125 1674 sustinet,
1160 1617 1298 1664 mille
1333 1618 1497 1665 modis
1533 1617 1766 1687 conc-ordi

255 1687 504 1734 discordia
525 1703 829 1734 veneramur
852 1693 905 1733 et
928 1686 1153 1733 colimus.

770 1859 864 1906 No.
892 1863 920 1905 6
945 1860 1060 1923 (Ep.
1087 1859 1260 1922 XVII)

643 1957 929 2011 [MAXIMO
961 1956 1388 2010 AUGUSTINUS]

215 2053 233 2090 1
325 2044 589 2091 Seriumne
615 2044 806 2108 aliquid
827 2048 962 2091 inter
984 2061 1075 2091 nos
1100 2047 1315 2108 agimus,
1339 2060 1403 2090 an
1426 2046 1578 2090 iocari
1600 2043 1728 2089 libet
1751 2043 1769 2088 ?

262 2113 394 2159 Nam
418 2116 548 2159 sicut
572 2120 664 2159 tua
688 2112 908 2175 epistula
930 2112 1173 2175 loquitur,
1203 2119 1376 2158 utrum
1407 2127 1590 2158 causae
1614 2114 1770 2174 ipsius

259 2182 577 2236 infirmitate,
600 2198 664 2227 an
686 2198 884 2227 morum
907 2188 1111 2227 tuorum
1135 2183 1379 2226 comitate
1398 2183 1465 2226 sit
1481 2178 1694 2234 factum,
1713 2185 1772 2225 ut

332 2285 350 2303 ⁰
381 2281 420 2320 A
442 2293 547 2331 very
567 2292 775 2319 common
805 2279 968 2331 charge
999 2281 1175 2330 against
1205 2278 1278 2318 the
1310 2278 1572 2325 Christians,
1603 2279 1771 2329 arising

273 2348 330 2374 no
351 2334 492 2374 doubt
518 2335 632 2374 from
656 2348 681 2373 a
704 2333 1148 2385 misunderstanding
1175 2333 1226 2372 of
1249 2333 1360 2372 their
1387 2334 1557 2384 private
1577 2331 1771 2372 celebra-

273 2391 365 2429 tion
398 2389 448 2428 of
475 2389 548 2428 the
581 2388 831 2428 Eucharist.
898 2388 938 2428 It
976 2390 1010 2428 is
1043 2387 1172 2427 made
1205 2387 1265 2439 by
1299 2386 1428 2438 Pliny
1459 2386 1549 2427 and
1589 2386 1769 2433 Fronto,

273 2457 440 2493 among
471 2443 632 2489 others,
662 2442 751 2483 and
785 2445 818 2482 is
847 2442 1073 2482 discussed
1106 2441 1194 2481 and
1224 2440 1485 2493 repudiated
1517 2440 1579 2492 by
1608 2439 1667 2480 all
1695 2440 1770 2480 the

271 2497 754 2592 Apbolssgistsffntii·in6
763 2497 836 2564 the
856 2497 971 2537 third
988 2501 1175 2548 century
1194 2498 1225 2536 it
1241 2495 1479 2548 gradually
1495 2494 1769 2547 disappearS.

431 2566 511 2604 1rg.
579 2566 641 2592 uc.
665 2566 706 2592 ιι.
760 2569 800 2592 ο.
