1866 2964
762 188 853 237 ST.
891 189 1300 238 AUGUSTINE

276 325 583 370 recreaveris
635 329 689 369 et
737 339 908 369 meam
958 330 1282 370 senectutem
1331 322 1427 370 hac
1475 324 1788 371 misericordi

274 394 471 437 iustitia
491 390 646 437 fueris
668 390 974 446 consolatus,
993 392 1247 438 retribuet
1268 392 1363 438 tibi
1384 399 1438 438 et
1456 395 1510 438 in
1528 395 1789 455 praesenti

277 467 330 505 et
357 462 410 505 in
437 457 612 505 futura
640 462 745 505 vita
773 460 908 505 bona
935 476 1027 521 pro
1055 460 1218 515 bonis,
1248 463 1335 522 qui
1362 476 1454 522 per
1481 467 1536 506 te
1564 461 1709 507 nobis
1735 463 1789 506 in

273 530 373 573 ista
419 526 751 573 tribulatione
800 530 1047 574 succurrit
1096 534 1150 574 et
1198 531 1284 591 qui
1332 534 1387 574 te
1434 530 1488 574 in
1533 527 1620 574 illa
1666 527 1789 575 sede

277 598 560 641 constituit.

783 704 876 751 No.
905 710 963 752 48
991 705 1107 768 (Ep.
1135 704 1288 769 ccx)

289 813 781 854 DILECTISSIMAE
807 813 884 853 ET
909 812 1375 855 SANCTISSIMAE
1399 814 1603 855 MATRI
1627 814 1792 855 FELI-

407 878 612 919 CITATI
645 878 722 918 ET
758 877 988 919 FRATRI
1021 878 1290 920 RUSTICO
1322 879 1399 920 ET
1430 878 1790 921 SORORIBUS

410 942 584 992 QUAE
643 938 972 984 VOBISCUM
1029 942 1195 984 SUNT
1244 943 1656 986 AUGUSTINUS
1714 944 1792 985 ET

407 1007 520 1058 QUI
555 1007 789 1049 MECUM
825 1007 990 1049 SUNT
1013 1008 1080 1049 IN
1104 1008 1364 1050 DOMINO
1387 1008 1687 1050 SALUTEM

232 1113 250 1152 l
341 1105 506 1153 Bonus
557 1112 624 1152 est
674 1104 888 1152 dominus
941 1112 995 1152 et
1045 1107 1390 1154 misericordia
1441 1110 1548 1154 eius
1600 1107 1790 1170 ubique

279 1173 477 1230 diffusa,
508 1190 640 1237 quae
671 1191 761 1220 nos
788 1174 852 1220 de
883 1181 1053 1220 vestra
1077 1178 1292 1221 caritate
1316 1178 1369 1220 in
1392 1178 1492 1221 suis
1516 1176 1791 1222 visceribus

279 1241 583 1289 consolatur.
655 1241 921 1300 Quantum
979 1246 1115 1289 enim
1172 1242 1354 1306 diligat
1410 1243 1680 1290 credentes
1739 1249 1793 1290 et

280 1317 545 1373 sperantes
575 1313 628 1355 in
658 1326 711 1356 se
744 1317 797 1356 et
826 1309 968 1356 illum
999 1318 1156 1374 atque
1186 1314 1404 1357 invicem
1433 1311 1707 1375 diligentes
1739 1318 1793 1358 et

281 1379 403 1442 quid
437 1381 508 1424 eis
544 1381 596 1423 in
632 1385 896 1440 posterum
930 1386 1116 1434 servet,
1145 1377 1262 1425 hinc
1294 1382 1517 1426 maxime
1547 1379 1792 1435 ostendit,

280 1464 395 1493 cum
424 1445 713 1493 infidelibus
746 1453 800 1492 et
830 1447 1114 1509 desperatis
1147 1454 1200 1493 et
1229 1450 1496 1510 perversis,
1527 1448 1711 1511 quibus
1740 1450 1798 1493 in

279 1514 414 1561 mala
434 1514 700 1561 voluntate
722 1531 883 1577 usque
903 1518 956 1560 in
977 1514 1131 1561 finem
1150 1516 1598 1578 perseverantibus
1618 1519 1793 1579 ignem

282 1600 397 1629 cum
420 1581 621 1629 diabolo
645 1589 913 1629 aeternum
936 1586 1177 1639 minatur,
1200 1586 1252 1629 in
1274 1582 1368 1630 hoc
1391 1590 1568 1630 tamen
1590 1582 1792 1630 saeculo

281 1652 415 1697 bona
451 1658 599 1697 tanta
635 1650 866 1714 largitur,
904 1650 984 1715 qui
1007 1650 1140 1716 facit
1176 1651 1288 1698 oriri
1318 1651 1459 1698 solem
1490 1668 1623 1698 suum
1654 1668 1794 1715 super

285 1718 424 1766 bonos
447 1725 489 1765 et
512 1718 660 1765 malos
683 1725 725 1764 et
742 1718 866 1782 pluit
888 1736 1026 1783 super
1049 1719 1193 1766 iustos
1217 1727 1259 1766 et
1280 1719 1490 1766 iniustos.
1560 1719 1792 1766 Breviter

285 1791 418 1833 enim
447 1786 638 1850 aliquid
664 1787 858 1833 dictum
887 1794 982 1843 est,
1009 1794 1067 1834 ut
1093 1786 1239 1850 plura
1265 1791 1556 1852 cogitentur
1580 1804 1592 1844 ;
1637 1804 1791 1851 quam

281 1854 444 1901 multa
467 1859 602 1901 enim
623 1854 851 1901 habeant
872 1858 1013 1918 impii
1034 1859 1086 1901 in
1107 1854 1201 1902 hac
1222 1858 1328 1902 vita
1348 1872 1562 1903 munera
1584 1863 1638 1902 et
1659 1856 1793 1903 dona

343 1981 360 1998 α
392 1974 599 2015 Felicitas
628 1988 718 2014 was
749 1974 972 2027 probably
1002 1975 1077 2016 the
1107 1977 1297 2027 prioress
1328 1975 1378 2016 of
1403 1976 1479 2016 the
1508 1989 1715 2029 nunnery
1744 1980 1793 2017 at

286 2029 439 2082 Hippo
462 2031 507 2069 in
532 2030 676 2069 which
700 2029 992 2081 Augustine's
1016 2043 1115 2070 own
1138 2032 1265 2070 sister
1287 2030 1378 2070 had
1401 2029 1504 2071 held
1528 2031 1654 2072 office
1676 2030 1793 2072 until

285 2084 363 2124 her
387 2084 535 2125 death.
593 2084 635 2124 It
658 2097 799 2124 seems
823 2083 964 2136 likely
988 2084 1087 2124 that
1109 2084 1184 2124 the
1208 2083 1520 2136 development
1543 2085 1594 2126 of
1613 2098 1791 2126 monas-

283 2141 427 2179 ticism
447 2152 615 2190 among
635 2152 807 2178 women
828 2140 873 2178 in
897 2138 1041 2178 North
1062 2138 1218 2179 Africa
1237 2152 1327 2179 was
1347 2139 1435 2180 due
1454 2143 1500 2180 to
1519 2141 1788 2192 Augustine,

282 2193 352 2233 for
371 2192 499 2233 while
518 2192 763 2232 Tertullian
782 2192 872 2232 and
893 2192 1091 2244 Cyprian
1110 2195 1211 2245 give
1229 2193 1439 2234 evidence
1457 2193 1508 2234 of
1521 2194 1596 2234 the
1616 2194 1791 2235 honour

284 2249 329 2287 in
360 2247 504 2287 which
535 2246 821 2287 consecrated
858 2247 1038 2287 widows
1075 2247 1165 2288 and
1203 2249 1371 2300 virgins
1408 2261 1522 2288 were
1557 2247 1675 2297 held,
1713 2249 1790 2289 the

284 2301 379 2341 first
404 2303 548 2341 notice
574 2301 623 2341 of
644 2302 758 2341 their
783 2303 1001 2341 monastic
1025 2301 1101 2342 life
1126 2304 1162 2342 is
1186 2304 1318 2354 given
1345 2302 1406 2354 by
1431 2303 1507 2343 the
1532 2302 1718 2344 Council
1743 2303 1793 2344 of

285 2355 508 2408 Carthage
527 2357 571 2395 in
589 2359 688 2402 397,
707 2355 796 2395 and
817 2355 1042 2396 Possidius
1060 2355 1257 2397 declares
1273 2357 1372 2397 that
1389 2357 1517 2397 when
1535 2357 1789 2410 Augustine

284 2410 386 2450 died
415 2412 458 2450 in
479 2413 563 2450 430
590 2410 645 2450 he
671 2409 752 2450 left
771 2410 796 2426 “
816 2423 843 2449 a
864 2410 1083 2450 sufficient
1108 2410 1230 2462 body
1251 2411 1301 2451 of
1315 2410 1467 2464 clergy
1494 2411 1584 2452 and
1613 2424 1791 2452 monas-

283 2466 412 2504 teries
443 2464 492 2504 of
518 2478 619 2503 men
648 2464 738 2503 and
772 2478 945 2505 women
965 2464 991 2480 '’
1022 2464 1139 2516 (Vit.
1169 2466 1258 2516 31).
1312 2464 1378 2506 Of
1403 2468 1690 2507 monaster-ies
1718 2465 1788 2506 for

286 2532 388 2559 men
409 2523 457 2559 at
478 2518 646 2570 Hippo,
669 2532 753 2559 one
774 2532 865 2559 was
886 2518 1000 2559 built
1021 2532 1078 2559 on
1099 2519 1275 2572 ground
1297 2519 1511 2571 provided
1534 2519 1595 2572 by
1619 2520 1787 2573 Bishop

285 2572 491 2613 Valerius
510 2573 668 2625 (Serm.
690 2576 788 2614 355.
810 2575 871 2626 2),
891 2573 981 2614 and
1002 2587 1059 2613 on
1080 2573 1346 2627 succeeding
1365 2573 1586 2623 Valerius,
1606 2575 1788 2628 Augus-

291 2637 385 2685 368
