<?xml version="1.0" encoding="UTF-8"?>
<!DOCTYPE html PUBLIC "-//W3C//DTD XHTML 1.0 Transitional//EN"
    "http://www.w3.org/TR/xhtml1/DTD/xhtml1-transitional.dtd">
<html xmlns="http://www.w3.org/1999/xhtml" xml:lang="en" lang="en">
 <head>
  <title>
</title>
<meta http-equiv="Content-Type" content="text/html;charset=utf-8" />
  <meta name='ocr-system' content='tesseract 3.04.00' />
  <meta name='ocr-capabilities' content='ocr_page ocr_carea ocr_par ocr_line ocrx_word'/>
</head>
<body>
  <div class='ocr_page' id='page_1' title='image "./selectletters00auguuoft_0318.png"; bbox 0 0 1866 2964; ppageno 0'>
   <div class='ocr_carea' id='block_1_1' title="bbox 761 164 1303 214">
    <p class='ocr_par' dir='ltr' id='par_1_1' title="bbox 761 164 1303 214">
     <span class='ocr_line' id='line_1_1' title="bbox 761 164 1303 214; baseline 0 -1"><span class='ocrx_word' id='word_1_1' title='bbox 761 165 853 213; x_wconf 90' lang='lat' dir='ltr'><strong>ST.</strong></span> <span class='ocrx_word' id='word_1_2' title='bbox 893 164 1303 214; x_wconf 88' lang='lat' dir='ltr'><strong>AUGUSTINE</strong></span> 
     </span>
    </p>
   </div>
   <div class='ocr_carea' id='block_1_2' title="bbox 216 298 1791 2507">
    <p class='ocr_par' dir='ltr' id='par_1_2' title="bbox 266 298 1791 687">
     <span class='ocr_line' id='line_1_2' title="bbox 270 298 1790 362; baseline 0.002 -21"><span class='ocrx_word' id='word_1_3' title='bbox 270 298 365 342; x_wconf 91' lang='lat' dir='ltr'><strong>nisi</strong></span> <span class='ocrx_word' id='word_1_4' title='bbox 407 304 639 360; x_wconf 86' lang='lat' dir='ltr'><strong>potestas</strong></span> <span class='ocrx_word' id='word_1_5' title='bbox 682 301 877 361; x_wconf 90' lang='lat' dir='ltr'><strong>pariter</strong></span> <span class='ocrx_word' id='word_1_6' title='bbox 920 306 1208 362; x_wconf 77' lang='lat' dir='ltr'><strong>appareret.</strong></span> <span class='ocrx_word' id='word_1_7' title='bbox 1281 299 1396 346; x_wconf 91' lang='lat' dir='ltr'><strong>Non</strong></span> <span class='ocrx_word' id='word_1_8' title='bbox 1437 306 1492 346; x_wconf 86' lang='lat' dir='ltr'><strong>te</strong></span> <span class='ocrx_word' id='word_1_9' title='bbox 1537 315 1659 362; x_wconf 87' lang='lat' dir='ltr'><strong>ergo</strong></span> <span class='ocrx_word' id='word_1_10' title='bbox 1703 313 1790 344; x_wconf 84' lang='lat' dir='ltr'><strong>ex-</strong></span> 
     </span>
     <span class='ocr_line' id='line_1_3' title="bbox 271 384 1791 447; baseline 0.001 -19"><span class='ocrx_word' id='word_1_11' title='bbox 271 390 476 444; x_wconf 76' lang='lat' dir='ltr'><strong>asperet</strong></span> <span class='ocrx_word' id='word_1_12' title='bbox 515 384 804 431; x_wconf 80' lang='lat' dir='ltr'><strong>vindicandi</strong></span> <span class='ocrx_word' id='word_1_13' title='bbox 842 392 1093 447; x_wconf 85' lang='lat' dir='ltr'><strong>potestas,</strong></span> <span class='ocrx_word' id='word_1_14' title='bbox 1133 388 1213 432; x_wconf 91' lang='lat' dir='ltr'><strong>cui</strong></span> <span class='ocrx_word' id='word_1_15' title='bbox 1251 384 1523 431; x_wconf 79' lang='lat' dir='ltr'><strong>lenitatem</strong></span> <span class='ocrx_word' id='word_1_16' title='bbox 1562 400 1664 430; x_wconf 91' lang='lat' dir='ltr'><strong>non</strong></span> <span class='ocrx_word' id='word_1_17' title='bbox 1704 399 1791 430; x_wconf 86' lang='lat' dir='ltr'><strong>ex-</strong></span> 
     </span>
     <span class='ocr_line' id='line_1_4' title="bbox 268 468 1790 517; baseline 0.001 -4"><span class='ocrx_word' id='word_1_18' title='bbox 268 470 424 514; x_wconf 83' lang='lat' dir='ltr'><strong>cussit</strong></span> <span class='ocrx_word' id='word_1_19' title='bbox 455 470 786 516; x_wconf 77' lang='lat' dir='ltr'><strong>examinandi</strong></span> <span class='ocrx_word' id='word_1_20' title='bbox 816 473 1110 517; x_wconf 83' lang='lat' dir='ltr'><strong>necessitas.</strong></span> <span class='ocrx_word' id='word_1_21' title='bbox 1182 469 1298 517; x_wconf 88' lang='lat' dir='ltr'><strong>Noli</strong></span> <span class='ocrx_word' id='word_1_22' title='bbox 1326 468 1551 517; x_wconf 90' lang='lat' dir='ltr'><strong>facinore</strong></span> <span class='ocrx_word' id='word_1_23' title='bbox 1579 473 1790 516; x_wconf 89' lang='lat' dir='ltr'><strong>invento</strong></span> 
     </span>
     <span class='ocr_line' id='line_1_5' title="bbox 269 552 1791 618; baseline 0.001 -21"><span class='ocrx_word' id='word_1_24' title='bbox 269 568 517 614; x_wconf 86' lang='lat' dir='ltr'><strong>quaerere</strong></span> <span class='ocrx_word' id='word_1_25' title='bbox 563 570 933 615; x_wconf 84' lang='lat' dir='ltr'><strong>percussorem,</strong></span> <span class='ocrx_word' id='word_1_26' title='bbox 979 557 1031 600; x_wconf 91' lang='lat' dir='ltr'><strong>in</strong></span> <span class='ocrx_word' id='word_1_27' title='bbox 1079 571 1179 618; x_wconf 89' lang='lat' dir='ltr'><strong>quo</strong></span> <span class='ocrx_word' id='word_1_28' title='bbox 1225 555 1534 601; x_wconf 88' lang='lat' dir='ltr'><strong>inveniendo</strong></span> <span class='ocrx_word' id='word_1_29' title='bbox 1580 552 1791 600; x_wconf 91' lang='lat' dir='ltr'><strong>noluisti</strong></span> 
     </span>
     <span class='ocr_line' id='line_1_6' title="bbox 266 636 798 687; baseline 0.006 -4"><span class='ocrx_word' id='word_1_30' title='bbox 266 636 510 685; x_wconf 89' lang='lat' dir='ltr'><strong>adhibere</strong></span> <span class='ocrx_word' id='word_1_31' title='bbox 535 646 798 687; x_wconf 88' lang='lat' dir='ltr'><strong>tortorem.</strong></span> 
     </span>
    </p>

    <p class='ocr_par' dir='ltr' id='par_1_3' title="bbox 216 721 1791 2507">
     <span class='ocr_line' id='line_1_7' title="bbox 216 721 1787 787; baseline 0.001 -19"><span class='ocrx_word' id='word_1_32' title='bbox 216 729 240 767; x_wconf 90' lang='lat'><strong>3</strong></span> <span class='ocrx_word' id='word_1_33' title='bbox 332 721 598 770; x_wconf 89' lang='lat' dir='ltr'><strong>Postremo</strong></span> <span class='ocrx_word' id='word_1_34' title='bbox 635 741 726 787; x_wconf 88' lang='lat' dir='ltr'><strong>pro</strong></span> <span class='ocrx_word' id='word_1_35' title='bbox 766 725 1010 772; x_wconf 90' lang='lat' dir='ltr'><strong>ecclesiae</strong></span> <span class='ocrx_word' id='word_1_36' title='bbox 1048 725 1276 772; x_wconf 88' lang='lat' dir='ltr'><strong>utilitate</strong></span> <span class='ocrx_word' id='word_1_37' title='bbox 1313 728 1495 772; x_wconf 88' lang='lat' dir='ltr'><strong>missus</strong></span> <span class='ocrx_word' id='word_1_38' title='bbox 1535 741 1603 772; x_wconf 90' lang='lat' dir='ltr'><strong>es.</strong></span> <span class='ocrx_word' id='word_1_39' title='bbox 1675 723 1787 771; x_wconf 90' lang='lat' dir='ltr'><strong>Hoc</strong></span> 
     </span>
     <span class='ocr_line' id='line_1_8' title="bbox 268 807 1783 874; baseline 0.002 -20"><span class='ocrx_word' id='word_1_40' title='bbox 268 807 511 856; x_wconf 89' lang='lat' dir='ltr'><strong>ecclesiae</strong></span> <span class='ocrx_word' id='word_1_41' title='bbox 554 809 836 857; x_wconf 87' lang='lat' dir='ltr'><strong>catholicae</strong></span> <span class='ocrx_word' id='word_1_42' title='bbox 879 818 987 867; x_wconf 90' lang='lat' dir='ltr'><strong>aut,</strong></span> <span class='ocrx_word' id='word_1_43' title='bbox 1030 818 1089 858; x_wconf 92' lang='lat' dir='ltr'><strong>ut</strong></span> <span class='ocrx_word' id='word_1_44' title='bbox 1130 812 1341 858; x_wconf 89' lang='lat' dir='ltr'><strong>modum</strong></span> <span class='ocrx_word' id='word_1_45' title='bbox 1389 811 1783 874; x_wconf 82' lang='lat' dir='ltr'><strong>dispensationis</strong></span> 
     </span>
     <span class='ocr_line' id='line_1_9' title="bbox 265 896 1788 960; baseline 0.002 -21"><span class='ocrx_word' id='word_1_46' title='bbox 265 911 412 941; x_wconf 87' lang='lat' dir='ltr'><strong>meae</strong></span> <span class='ocrx_word' id='word_1_47' title='bbox 448 913 550 942; x_wconf 91' lang='lat' dir='ltr'><strong>non</strong></span> <span class='ocrx_word' id='word_1_48' title='bbox 584 897 885 960; x_wconf 83' lang='lat' dir='ltr'><strong>supergredi</strong></span> <span class='ocrx_word' id='word_1_49' title='bbox 921 898 1113 954; x_wconf 85' lang='lat' dir='ltr'><strong>videar,</strong></span> <span class='ocrx_word' id='word_1_50' title='bbox 1147 897 1243 944; x_wconf 94' lang='lat' dir='ltr'><strong>hoc</strong></span> <span class='ocrx_word' id='word_1_51' title='bbox 1279 897 1524 944; x_wconf 90' lang='lat' dir='ltr'><strong>ecclesiae</strong></span> <span class='ocrx_word' id='word_1_52' title='bbox 1561 897 1626 944; x_wconf 91' lang='lat' dir='ltr'><strong>ad</strong></span> <span class='ocrx_word' id='word_1_53' title='bbox 1661 896 1788 959; x_wconf 88' lang='lat' dir='ltr'><strong>Hip-</strong></span> 
     </span>
     <span class='ocr_line' id='line_1_10' title="bbox 264 982 1786 1047; baseline 0.003 -21"><span class='ocrx_word' id='word_1_54' title='bbox 264 982 889 1046; x_wconf 86' lang='lat' dir='ltr'><strong>poniensium-Regiorum</strong></span> <span class='ocrx_word' id='word_1_55' title='bbox 916 984 1190 1031; x_wconf 90' lang='lat' dir='ltr'><strong>dioecesim</strong></span> <span class='ocrx_word' id='word_1_56' title='bbox 1218 987 1498 1047; x_wconf 89' lang='lat' dir='ltr'><strong>pertinenti</strong></span> <span class='ocrx_word' id='word_1_57' title='bbox 1525 984 1786 1047; x_wconf 89' lang='lat' dir='ltr'><strong>prodesse,</strong></span> 
     </span>
     <span class='ocr_line' id='line_1_11' title="bbox 265 1064 1791 1131; baseline 0.002 -20"><span class='ocrx_word' id='word_1_58' title='bbox 265 1064 359 1112; x_wconf 94' lang='lat' dir='ltr'><strong>hoc</strong></span> <span class='ocrx_word' id='word_1_59' title='bbox 384 1067 627 1129; x_wconf 81' lang='lat' dir='ltr'><strong>expedire</strong></span> <span class='ocrx_word' id='word_1_60' title='bbox 651 1075 926 1115; x_wconf 85' lang='lat' dir='ltr'><strong>contestor.</strong></span> <span class='ocrx_word' id='word_1_61' title='bbox 998 1067 1049 1115; x_wconf 86' lang='lat' dir='ltr'><strong>Si</strong></span> <span class='ocrx_word' id='word_1_62' title='bbox 1072 1086 1173 1115; x_wconf 90' lang='lat' dir='ltr'><strong>non</strong></span> <span class='ocrx_word' id='word_1_63' title='bbox 1196 1069 1338 1116; x_wconf 83' lang='lat' dir='ltr'><strong>audis</strong></span> <span class='ocrx_word' id='word_1_64' title='bbox 1363 1072 1582 1116; x_wconf 88' lang='lat' dir='ltr'><strong>amicum</strong></span> <span class='ocrx_word' id='word_1_65' title='bbox 1604 1076 1791 1131; x_wconf 90' lang='lat' dir='ltr'><strong>peten-</strong></span> 
     </span>
     <span class='ocr_line' id='line_1_12' title="bbox 265 1152 1786 1217; baseline 0.003 -21"><span class='ocrx_word' id='word_1_66' title='bbox 265 1157 391 1207; x_wconf 89' lang='lat' dir='ltr'><strong>tem,</strong></span> <span class='ocrx_word' id='word_1_67' title='bbox 416 1152 533 1198; x_wconf 90' lang='lat' dir='ltr'><strong>audi</strong></span> <span class='ocrx_word' id='word_1_68' title='bbox 558 1156 853 1215; x_wconf 86' lang='lat' dir='ltr'><strong>episcopum</strong></span> <span class='ocrx_word' id='word_1_69' title='bbox 875 1153 1248 1210; x_wconf 88' lang='lat' dir='ltr'><strong>consulentem,</strong></span> <span class='ocrx_word' id='word_1_70' title='bbox 1272 1157 1521 1217; x_wconf 88' lang='lat' dir='ltr'><strong>quamvis,</strong></span> <span class='ocrx_word' id='word_1_71' title='bbox 1543 1157 1786 1217; x_wconf 90' lang='lat' dir='ltr'><strong>quoniam</strong></span> 
     </span>
     <span class='ocr_line' id='line_1_13' title="bbox 266 1236 1786 1303; baseline 0.003 -20"><span class='ocrx_word' id='word_1_72' title='bbox 266 1236 553 1285; x_wconf 89' lang='lat' dir='ltr'><strong>Christiano</strong></span> <span class='ocrx_word' id='word_1_73' title='bbox 593 1238 789 1303; x_wconf 83' lang='lat' dir='ltr'><strong>loquor,</strong></span> <span class='ocrx_word' id='word_1_74' title='bbox 829 1243 1054 1287; x_wconf 86' lang='lat' dir='ltr'><strong>maxime</strong></span> <span class='ocrx_word' id='word_1_75' title='bbox 1094 1244 1147 1286; x_wconf 93' lang='lat' dir='ltr'><strong>in</strong></span> <span class='ocrx_word' id='word_1_76' title='bbox 1186 1240 1278 1288; x_wconf 87' lang='lat' dir='ltr'><strong>tali</strong></span> <span class='ocrx_word' id='word_1_77' title='bbox 1317 1257 1470 1287; x_wconf 89' lang='lat' dir='ltr'><strong>causa</strong></span> <span class='ocrx_word' id='word_1_78' title='bbox 1509 1258 1612 1287; x_wconf 93' lang='lat' dir='ltr'><strong>non</strong></span> <span class='ocrx_word' id='word_1_79' title='bbox 1652 1257 1786 1288; x_wconf 84' lang='lat' dir='ltr'><strong>arro—</strong></span> 
     </span>
     <span class='ocr_line' id='line_1_14' title="bbox 264 1325 1785 1389; baseline 0.002 -20"><span class='ocrx_word' id='word_1_80' title='bbox 264 1331 449 1386; x_wconf 82' lang='lat' dir='ltr'><strong>ganter</strong></span> <span class='ocrx_word' id='word_1_81' title='bbox 475 1325 708 1382; x_wconf 79' lang='lat' dir='ltr'><strong>dixerim,</strong></span> <span class='ocrx_word' id='word_1_82' title='bbox 736 1327 911 1373; x_wconf 87' lang='lat' dir='ltr'><strong>audire</strong></span> <span class='ocrx_word' id='word_1_83' title='bbox 937 1334 993 1373; x_wconf 89' lang='lat' dir='ltr'><strong>te</strong></span> <span class='ocrx_word' id='word_1_84' title='bbox 1021 1330 1315 1389; x_wconf 88' lang='lat' dir='ltr'><strong>episcopum</strong></span> <span class='ocrx_word' id='word_1_85' title='bbox 1341 1330 1579 1374; x_wconf 83' lang='lat' dir='ltr'><strong>convenit</strong></span> <span class='ocrx_word' id='word_1_86' title='bbox 1605 1327 1785 1374; x_wconf 89' lang='lat' dir='ltr'><strong>iuben-</strong></span> 
     </span>
     <span class='ocr_line' id='line_1_15' title="bbox 264 1410 1783 1476; baseline 0.003 -21"><span class='ocrx_word' id='word_1_87' title='bbox 264 1416 389 1465; x_wconf 89' lang='lat' dir='ltr'><strong>tem,</strong></span> <span class='ocrx_word' id='word_1_88' title='bbox 411 1410 615 1456; x_wconf 91' lang='lat' dir='ltr'><strong>domine</strong></span> <span class='ocrx_word' id='word_1_89' title='bbox 637 1414 822 1458; x_wconf 84' lang='lat' dir='ltr'><strong>eximie</strong></span> <span class='ocrx_word' id='word_1_90' title='bbox 844 1419 897 1459; x_wconf 92' lang='lat' dir='ltr'><strong>et</strong></span> <span class='ocrx_word' id='word_1_91' title='bbox 916 1415 1100 1459; x_wconf 86' lang='lat' dir='ltr'><strong>merito</strong></span> <span class='ocrx_word' id='word_1_92' title='bbox 1119 1415 1329 1476; x_wconf 87' lang='lat' dir='ltr'><strong>insignis</strong></span> <span class='ocrx_word' id='word_1_93' title='bbox 1351 1420 1508 1476; x_wconf 88' lang='lat' dir='ltr'><strong>atque</strong></span> <span class='ocrx_word' id='word_1_94' title='bbox 1527 1415 1783 1459; x_wconf 87' lang='lat' dir='ltr'><strong>carissime</strong></span> 
     </span>
     <span class='ocr_line' id='line_1_16' title="bbox 265 1494 1784 1560; baseline 0.003 -20"><span class='ocrx_word' id='word_1_95' title='bbox 265 1494 350 1550; x_wconf 86' lang='lat' dir='ltr'><strong>fili,</strong></span> <span class='ocrx_word' id='word_1_96' title='bbox 395 1496 530 1543; x_wconf 90' lang='lat' dir='ltr'><strong>unde</strong></span> <span class='ocrx_word' id='word_1_97' title='bbox 574 1500 675 1543; x_wconf 92' lang='lat' dir='ltr'><strong>scio</strong></span> <span class='ocrx_word' id='word_1_98' title='bbox 721 1497 930 1560; x_wconf 89' lang='lat' dir='ltr'><strong>quidem</strong></span> <span class='ocrx_word' id='word_1_99' title='bbox 982 1515 1157 1545; x_wconf 85' lang='lat' dir='ltr'><strong>causas</strong></span> <span class='ocrx_word' id='word_1_100' title='bbox 1208 1499 1574 1546; x_wconf 88' lang='lat' dir='ltr'><strong>ecclesiasticas</strong></span> <span class='ocrx_word' id='word_1_101' title='bbox 1619 1498 1784 1546; x_wconf 83' lang='lat' dir='ltr'><strong>excel-</strong></span> 
     </span>
     <span class='ocr_line' id='line_1_17' title="bbox 264 1581 1782 1649; baseline 0.005 -23"><span class='ocrx_word' id='word_1_102' title='bbox 264 1581 454 1629; x_wconf 88' lang='lat' dir='ltr'><strong>lentiae</strong></span> <span class='ocrx_word' id='word_1_103' title='bbox 492 1591 614 1630; x_wconf 85' lang='lat' dir='ltr'><strong>tuae</strong></span> <span class='ocrx_word' id='word_1_104' title='bbox 651 1587 973 1646; x_wconf 88' lang='lat' dir='ltr'><strong>potissimum</strong></span> <span class='ocrx_word' id='word_1_105' title='bbox 1015 1588 1299 1641; x_wconf 80' lang='lat' dir='ltr'><strong>iniunctas3</strong></span> <span class='ocrx_word' id='word_1_106' title='bbox 1347 1585 1439 1632; x_wconf 91' lang='lat' dir='ltr'><strong>sed</strong></span> <span class='ocrx_word' id='word_1_107' title='bbox 1475 1589 1595 1649; x_wconf 90' lang='lat' dir='ltr'><strong>quia</strong></span> <span class='ocrx_word' id='word_1_108' title='bbox 1631 1587 1782 1634; x_wconf 89' lang='lat' dir='ltr'><strong>credo</strong></span> 
     </span>
     <span class='ocr_line' id='line_1_18' title="bbox 263 1669 1780 1734; baseline 0.003 -22"><span class='ocrx_word' id='word_1_109' title='bbox 263 1669 414 1713; x_wconf 86' lang='lat' dir='ltr'><strong>istam</strong></span> <span class='ocrx_word' id='word_1_110' title='bbox 439 1685 611 1714; x_wconf 89' lang='lat' dir='ltr'><strong>curam</strong></span> <span class='ocrx_word' id='word_1_111' title='bbox 635 1669 701 1715; x_wconf 90' lang='lat' dir='ltr'><strong>ad</strong></span> <span class='ocrx_word' id='word_1_112' title='bbox 723 1672 884 1716; x_wconf 86' lang='lat' dir='ltr'><strong>virum</strong></span> <span class='ocrx_word' id='word_1_113' title='bbox 909 1670 1240 1717; x_wconf 84' lang='lat' dir='ltr'><strong>clarissimum</strong></span> <span class='ocrx_word' id='word_1_114' title='bbox 1266 1677 1422 1734; x_wconf 87' lang='lat' dir='ltr'><strong>atque</strong></span> <span class='ocrx_word' id='word_1_115' title='bbox 1447 1671 1780 1734; x_wconf 86' lang='lat' dir='ltr'><strong>spectabilem</strong></span> 
     </span>
     <span class='ocr_line' id='line_1_19' title="bbox 263 1753 1782 1819; baseline 0.005 -22"><span class='ocrx_word' id='word_1_116' title='bbox 263 1753 617 1814; x_wconf 86' lang='lat' dir='ltr'><strong>proconsulem</strong></span> <span class='ocrx_word' id='word_1_117' title='bbox 643 1758 920 1816; x_wconf 88' lang='lat' dir='ltr'><strong>pertinere,</strong></span> <span class='ocrx_word' id='word_1_118' title='bbox 945 1756 1010 1802; x_wconf 91' lang='lat' dir='ltr'><strong>ad</strong></span> <span class='ocrx_word' id='word_1_119' title='bbox 1041 1772 1158 1802; x_wconf 91' lang='lat' dir='ltr'><strong>eum</strong></span> <span class='ocrx_word' id='word_1_120' title='bbox 1190 1773 1394 1819; x_wconf 90' lang='lat' dir='ltr'><strong>quoque</strong></span> <span class='ocrx_word' id='word_1_121' title='bbox 1419 1755 1618 1803; x_wconf 86' lang='lat' dir='ltr'><strong>litteras</strong></span> <span class='ocrx_word' id='word_1_122' title='bbox 1645 1757 1782 1814; x_wconf 85' lang='lat' dir='ltr'><strong>dedi,</strong></span> 
     </span>
     <span class='ocr_line' id='line_1_20' title="bbox 263 1839 1782 1905; baseline 0.004 -21"><span class='ocrx_word' id='word_1_123' title='bbox 263 1855 387 1901; x_wconf 91' lang='lat' dir='ltr'><strong>quas</strong></span> <span class='ocrx_word' id='word_1_124' title='bbox 415 1855 538 1902; x_wconf 86' lang='lat' dir='ltr'><strong>rogo</strong></span> <span class='ocrx_word' id='word_1_125' title='bbox 566 1847 623 1885; x_wconf 90' lang='lat' dir='ltr'><strong>ut</strong></span> <span class='ocrx_word' id='word_1_126' title='bbox 650 1842 758 1902; x_wconf 88' lang='lat' dir='ltr'><strong>ipse</strong></span> <span class='ocrx_word' id='word_1_127' title='bbox 785 1839 855 1886; x_wconf 90' lang='lat' dir='ltr'><strong>illi</strong></span> <span class='ocrx_word' id='word_1_128' title='bbox 882 1841 1087 1888; x_wconf 86' lang='lat' dir='ltr'><strong>tradere</strong></span> <span class='ocrx_word' id='word_1_129' title='bbox 1116 1848 1169 1887; x_wconf 91' lang='lat' dir='ltr'><strong>et</strong></span> <span class='ocrx_word' id='word_1_130' title='bbox 1196 1841 1437 1905; x_wconf 83' lang='lat' dir='ltr'><strong>allegare,</strong></span> <span class='ocrx_word' id='word_1_131' title='bbox 1464 1845 1502 1888; x_wconf 90' lang='lat' dir='ltr'><strong>si</strong></span> <span class='ocrx_word' id='word_1_132' title='bbox 1531 1859 1657 1905; x_wconf 88' lang='lat' dir='ltr'><strong>opus</strong></span> <span class='ocrx_word' id='word_1_133' title='bbox 1686 1850 1782 1898; x_wconf 86' lang='lat' dir='ltr'><strong>est,</strong></span> 
     </span>
     <span class='ocr_line' id='line_1_21' title="bbox 264 1926 1777 1992; baseline 0.003 -23"><span class='ocrx_word' id='word_1_134' title='bbox 264 1941 365 1970; x_wconf 90' lang='lat' dir='ltr'><strong>non</strong></span> <span class='ocrx_word' id='word_1_135' title='bbox 386 1929 627 1987; x_wconf 82' lang='lat' dir='ltr'><strong>graveris.</strong></span> <span class='ocrx_word' id='word_1_136' title='bbox 690 1926 867 1989; x_wconf 88' lang='lat' dir='ltr'><strong>Atque</strong></span> <span class='ocrx_word' id='word_1_137' title='bbox 891 1928 1066 1974; x_wconf 90' lang='lat' dir='ltr'><strong>ambos</strong></span> <span class='ocrx_word' id='word_1_138' title='bbox 1089 1928 1316 1983; x_wconf 85' lang='lat' dir='ltr'><strong>obsecro,</strong></span> <span class='ocrx_word' id='word_1_139' title='bbox 1339 1944 1403 1974; x_wconf 92' lang='lat' dir='ltr'><strong>ne</strong></span> <span class='ocrx_word' id='word_1_140' title='bbox 1427 1932 1777 1992; x_wconf 87' lang='lat' dir='ltr'><strong>importunam</strong></span> 
     </span>
     <span class='ocr_line' id='line_1_22' title="bbox 263 2010 1782 2077; baseline 0.004 -23"><span class='ocrx_word' id='word_1_141' title='bbox 263 2010 579 2056; x_wconf 85' lang='lat' dir='ltr'><strong>arbitremini</strong></span> <span class='ocrx_word' id='word_1_142' title='bbox 611 2010 691 2057; x_wconf 84' lang='lat' dir='ltr'><strong>vel</strong></span> <span class='ocrx_word' id='word_1_143' title='bbox 722 2015 1140 2059; x_wconf 87' lang='lat' dir='ltr'><strong>intercessionem</strong></span> <span class='ocrx_word' id='word_1_144' title='bbox 1172 2011 1252 2059; x_wconf 91' lang='lat' dir='ltr'><strong>vel</strong></span> <span class='ocrx_word' id='word_1_145' title='bbox 1283 2017 1669 2077; x_wconf 83' lang='lat' dir='ltr'><strong>suggestionem</strong></span> <span class='ocrx_word' id='word_1_146' title='bbox 1700 2014 1782 2061; x_wconf 92' lang='lat' dir='ltr'><strong>vel</strong></span> 
     </span>
     <span class='ocr_line' id='line_1_23' title="bbox 263 2095 1779 2161; baseline 0.005 -21"><span class='ocrx_word' id='word_1_147' title='bbox 263 2095 655 2142; x_wconf 88' lang='lat' dir='ltr'><strong>sollicitudinem</strong></span> <span class='ocrx_word' id='word_1_148' title='bbox 706 2105 950 2153; x_wconf 87' lang='lat' dir='ltr'><strong>nostram,</strong></span> <span class='ocrx_word' id='word_1_149' title='bbox 1001 2105 1054 2145; x_wconf 87' lang='lat' dir='ltr'><strong>et</strong></span> <span class='ocrx_word' id='word_1_150' title='bbox 1104 2101 1364 2161; x_wconf 88' lang='lat' dir='ltr'><strong>passiones</strong></span> <span class='ocrx_word' id='word_1_151' title='bbox 1415 2099 1779 2147; x_wconf 88' lang='lat' dir='ltr'><strong>catholicorum</strong></span> 
     </span>
     <span class='ocr_line' id='line_1_24' title="bbox 262 2182 1778 2246; baseline 0.003 -20"><span class='ocrx_word' id='word_1_152' title='bbox 262 2197 521 2227; x_wconf 84' lang='lat' dir='ltr'><strong>servorum</strong></span> <span class='ocrx_word' id='word_1_153' title='bbox 588 2182 689 2238; x_wconf 88' lang='lat' dir='ltr'><strong>dei,</strong></span> <span class='ocrx_word' id='word_1_154' title='bbox 757 2200 890 2246; x_wconf 86' lang='lat' dir='ltr'><strong>quae</strong></span> <span class='ocrx_word' id='word_1_155' title='bbox 957 2183 1166 2245; x_wconf 82' lang='lat' dir='ltr'><strong>infirmis</strong></span> <span class='ocrx_word' id='word_1_156' title='bbox 1235 2184 1301 2231; x_wconf 88' lang='lat' dir='ltr'><strong>ad</strong></span> <span class='ocrx_word' id='word_1_157' title='bbox 1368 2185 1778 2233; x_wconf 88' lang='lat' dir='ltr'><strong>aedificationem</strong></span> 
     </span>
     <span class='ocr_line' id='line_1_25' title="bbox 263 2267 1777 2334; baseline 0.005 -22"><span class='ocrx_word' id='word_1_158' title='bbox 263 2267 544 2329; x_wconf 85' lang='lat' dir='ltr'><strong>spiritalem</strong></span> <span class='ocrx_word' id='word_1_159' title='bbox 579 2268 729 2315; x_wconf 87' lang='lat' dir='ltr'><strong>utiles</strong></span> <span class='ocrx_word' id='word_1_160' title='bbox 766 2286 875 2316; x_wconf 91' lang='lat' dir='ltr'><strong>esse</strong></span> <span class='ocrx_word' id='word_1_161' title='bbox 910 2270 1122 2326; x_wconf 87' lang='lat' dir='ltr'><strong>debent,</strong></span> <span class='ocrx_word' id='word_1_162' title='bbox 1157 2269 1294 2318; x_wconf 88' lang='lat' dir='ltr'><strong>haud</strong></span> <span class='ocrx_word' id='word_1_163' title='bbox 1327 2275 1584 2334; x_wconf 88' lang='lat' dir='ltr'><strong>reciproca</strong></span> <span class='ocrx_word' id='word_1_164' title='bbox 1616 2276 1777 2319; x_wconf 90' lang='lat' dir='ltr'><strong>inimi-</strong></span> 
     </span>
     <span class='ocr_line' id='line_1_26' title="bbox 260 2354 1777 2418; baseline 0.005 -21"><span class='ocrx_word' id='word_1_165' title='bbox 260 2369 451 2408; x_wconf 88' lang='lat' dir='ltr'><strong>corum,</strong></span> <span class='ocrx_word' id='word_1_166' title='bbox 491 2369 519 2398; x_wconf 88' lang='lat' dir='ltr'><strong>a</strong></span> <span class='ocrx_word' id='word_1_167' title='bbox 557 2354 739 2416; x_wconf 86' lang='lat' dir='ltr'><strong>quibus</strong></span> <span class='ocrx_word' id='word_1_168' title='bbox 778 2357 912 2416; x_wconf 88' lang='lat' dir='ltr'><strong>passi</strong></span> <span class='ocrx_word' id='word_1_169' title='bbox 949 2362 1086 2411; x_wconf 90' lang='lat' dir='ltr'><strong>sunt,</strong></span> <span class='ocrx_word' id='word_1_170' title='bbox 1124 2372 1291 2418; x_wconf 85' lang='lat' dir='ltr'><strong>poena</strong></span> <span class='ocrx_word' id='word_1_171' title='bbox 1329 2356 1648 2413; x_wconf 89' lang='lat' dir='ltr'><strong>decoloretis,</strong></span> <span class='ocrx_word' id='word_1_172' title='bbox 1686 2358 1777 2405; x_wconf 92' lang='lat' dir='ltr'><strong>sed</strong></span> 
     </span>
     <span class='ocr_line' id='line_1_27' title="bbox 260 2438 1777 2507; baseline 0.004 -23"><span class='ocrx_word' id='word_1_173' title='bbox 260 2442 429 2501; x_wconf 87' lang='lat' dir='ltr'><strong>potius</strong></span> <span class='ocrx_word' id='word_1_174' title='bbox 452 2438 673 2486; x_wconf 84' lang='lat' dir='ltr'><strong>refracta</strong></span> <span class='ocrx_word' id='word_1_175' title='bbox 696 2441 957 2488; x_wconf 87' lang='lat' dir='ltr'><strong>iudiciaria</strong></span> <span class='ocrx_word' id='word_1_176' title='bbox 979 2446 1256 2490; x_wconf 89' lang='lat' dir='ltr'><strong>severitate</strong></span> <span class='ocrx_word' id='word_1_177' title='bbox 1281 2450 1335 2490; x_wconf 84' lang='lat' dir='ltr'><strong>et</strong></span> <span class='ocrx_word' id='word_1_178' title='bbox 1358 2451 1580 2490; x_wconf 87' lang='lat' dir='ltr'><strong>vestram</strong></span> <span class='ocrx_word' id='word_1_179' title='bbox 1605 2444 1777 2507; x_wconf 83' lang='lat' dir='ltr'><strong>fidem,</strong></span> 
     </span>
    </p>
   </div>
   <div class='ocr_carea' id='block_1_3' title="bbox 262 2525 1778 2649">
    <p class='ocr_par' dir='ltr' id='par_1_4' title="bbox 262 2525 1778 2649">
     <span class='ocr_line' id='line_1_28' title="bbox 262 2525 1778 2591; baseline 0.005 -21"><span class='ocrx_word' id='word_1_180' title='bbox 262 2528 381 2588; x_wconf 91' lang='lat' dir='ltr'><strong>quia</strong></span> <span class='ocrx_word' id='word_1_181' title='bbox 416 2525 501 2571; x_wconf 87' lang='lat' dir='ltr'><strong>filii</strong></span> <span class='ocrx_word' id='word_1_182' title='bbox 538 2529 658 2573; x_wconf 85' lang='lat' dir='ltr'><strong>estis</strong></span> <span class='ocrx_word' id='word_1_183' title='bbox 695 2526 957 2583; x_wconf 88' lang='lat' dir='ltr'><strong>ecclesiae,</strong></span> <span class='ocrx_word' id='word_1_184' title='bbox 993 2536 1047 2575; x_wconf 93' lang='lat' dir='ltr'><strong>et</strong></span> <span class='ocrx_word' id='word_1_185' title='bbox 1080 2531 1236 2591; x_wconf 90' lang='lat' dir='ltr'><strong>ipsius</strong></span> <span class='ocrx_word' id='word_1_186' title='bbox 1270 2533 1447 2576; x_wconf 87' lang='lat' dir='ltr'><strong>matris</strong></span> <span class='ocrx_word' id='word_1_187' title='bbox 1482 2539 1778 2578; x_wconf 91' lang='lat' dir='ltr'><strong>mansuetu-</strong></span> 
     </span>
     <span class='ocr_line' id='line_1_29' title="bbox 269 2602 364 2649; baseline 0 0"><span class='ocrx_word' id='word_1_188' title='bbox 269 2602 364 2649; x_wconf 66' lang='lat'><strong>256</strong></span> 
     </span>
    </p>
   </div>
  </div>
 </body>
</html>
