1866 2964
274 1591 291 1628 l

799 198 889 246 ST.
928 197 1334 245 AUGUSTINE

313 337 565 395 quantum
601 333 880 393 potuimus,
915 347 1007 393 pro
1045 346 1221 376 eorum
1257 329 1423 377 salute
1459 331 1818 378 renitentibus.

314 400 383 446 Et
406 400 470 446 de
496 400 702 445 Donato
726 399 953 462 quidem,
975 401 1095 461 quia
1115 401 1217 444 iam
1239 396 1434 445 factum
1457 406 1554 454 est,
1576 406 1653 454 ut,
1676 406 1821 445 ante-

315 484 469 530 quam
501 468 565 514 de
596 466 691 513 hac
721 484 775 513 re
808 466 1000 530 aliquid
1029 469 1081 512 in
1111 465 1320 513 concilio
1350 473 1714 523 statueremus,
1744 484 1820 513 or-

314 537 595 590 dinaretur,
621 538 661 581 si
688 534 822 581 forte
850 551 879 580 a
904 535 1174 596 superbiae
1200 538 1538 596 perversitate
1564 542 1820 581 correctus

317 610 413 659 est,
439 603 576 666 quod
601 602 728 659 vult,
753 601 910 649 faciat
933 603 1209 665 prudentia
1233 609 1340 649 tua.
1410 603 1491 649 De
1516 601 1676 649 fratre
1701 620 1821 650 vero

316 675 442 727 eius,
465 675 518 717 in
543 674 683 717 cuius
708 670 790 717 vel
812 674 1036 716 maxime
1061 687 1214 717 causa
1238 671 1302 717 de
1326 674 1638 717 monasterio
1664 675 1820 717 etiam

314 743 423 802 ipse
450 740 685 786 Donatus
709 740 971 794 abscessit,
993 756 1108 785 cum
1135 737 1407 802 intellegas
1437 739 1560 802 quid
1584 742 1822 795 sentiam,

315 811 485 854 nescio
522 807 645 870 quid
678 807 1034 869 respondeam.
1103 806 1465 853 Contradicere
1499 814 1678 854 tamen
1706 824 1824 870 pru-

317 877 525 923 dentiae
557 882 699 930 tuae,
731 874 909 921 honori
941 877 1247 938 caritatique
1280 892 1383 921 non
1415 875 1580 922 audeo
1614 882 1669 922 et
1701 891 1823 922 sane

316 960 464 1006 spero
486 944 538 990 id
562 950 616 990 te
645 942 902 990 facturum
927 943 1065 1006 quod
1091 943 1334 990 membris
1357 942 1600 990 ecclesiae
1623 942 1824 990 salubre

316 1014 653 1075 perspexeris.
722 1012 908 1058 Amen.

820 1178 915 1226 No.
945 1184 999 1226 18
1026 1178 1143 1243 (Ep.
1170 1178 1329 1243 LXV)

327 1287 588 1330 DOMINO
620 1287 1003 1329 BEATISSIMO
1034 1288 1111 1329 ET
1141 1288 1660 1330 VENERABILITER
1692 1288 1826 1331 SUS-

454 1352 757 1395 CIPIENDO
808 1353 993 1394 PATRI
1035 1353 1112 1393 ET
1155 1353 1635 1395 CONSACERDOTI
1680 1354 1824 1396 SENI

455 1416 822 1459 XANTHIPPO
839 1417 1249 1460 AUGUSTINUS
1272 1418 1340 1459 IN
1362 1418 1622 1461 DOMINO
1643 1419 1826 1461 SALU-

455 1483 588 1524 TEM

384 1581 560 1628 Officio
605 1581 781 1628 debito
824 1584 1019 1628 meritis
1062 1584 1164 1628 tuis
1207 1581 1434 1630 salutans
1477 1583 1830 1647 dignationem

320 1657 465 1696 tuam
516 1652 722 1712 tuisque
768 1666 852 1695 me
904 1651 1218 1696 orationibus
1269 1649 1416 1697 valde
1468 1652 1832 1699 commendans

319 1721 519 1764 insinuo
554 1718 861 1779 prudentiae
897 1724 1020 1764 tuae
1057 1718 1449 1765 Abundantium
1485 1720 1743 1782 quendam
1778 1723 1830 1766 in

320 1785 479 1832 fundo
514 1784 932 1832 Strabonianensi
965 1789 1261 1848 pertinente
1297 1787 1363 1833 ad
1396 1804 1569 1834 curam
1603 1795 1831 1835 nostram

321 1854 613 1901 ordinatum
651 1852 807 1900 fuisse
845 1855 1222 1917 presbyterum.
1292 1854 1393 1913 Qui
1431 1872 1546 1902 cum
1585 1873 1687 1903 non
1727 1873 1832 1902 am-

322 1921 525 1969 bularet
550 1924 654 1968 vias
679 1938 938 1968 servorum
963 1922 1064 1977 dei,
1088 1939 1190 1969 non
1213 1923 1402 1969 bonam
1424 1921 1616 1970 famam
1639 1923 1831 1971 habere

322 1996 580 2052 coeperat.
650 1989 765 2048 Qua
783 2006 878 2054 ego
895 1994 1202 2037 conterritus
1219 2007 1321 2037 non
1337 1998 1515 2038 tamen
1530 1999 1727 2038 temere
1747 1991 1834 2038 ali-

323 2058 447 2121 quid
472 2057 684 2104 credens
711 2058 803 2104 sed
827 2057 979 2120 plane
999 2057 1257 2105 sollicitior
1275 2057 1440 2106 factus
1460 2076 1669 2123 operam
1695 2060 1833 2116 dedi,

322 2129 362 2173 si
393 2142 493 2189 quo
522 2126 674 2172 modo
703 2142 905 2188 possem
942 2126 1008 2172 ad
1043 2125 1213 2190 aliqua
1245 2126 1413 2174 malae
1441 2131 1837 2176 conversationis

327 2197 433 2240 eius
458 2201 601 2240 certa
623 2194 810 2241 indicia
831 2196 1114 2256 pervenire.
1183 2195 1259 2241 Ac
1281 2198 1445 2258 primo
1468 2199 1692 2258 comperi
1716 2213 1833 2243 eum

389 2318 407 2335 ⁰
437 2312 532 2352 The
554 2311 741 2353 Council
761 2311 863 2353 held
885 2316 931 2353 at
953 2312 1177 2365 Carthage
1198 2315 1242 2354 in
1264 2313 1385 2355 June
1404 2317 1502 2355 401.

390 2366 405 2390 ὸ
437 2366 726 2419 Xanthippus
748 2380 838 2407 was
860 2367 1021 2420 bishop
1043 2369 1093 2408 of
1110 2367 1323 2420 Thagura
1343 2368 1554 2420 (Tamara,
1578 2383 1684 2410 near
1706 2369 1832 2412 Souk

331 2421 511 2472 Ahras).
573 2421 644 2462 He
671 2423 706 2461 is
734 2421 989 2462 mentioned
1016 2424 1151 2475 again
1179 2424 1224 2463 in
1251 2422 1337 2476 Ep.
1358 2423 1432 2464 lix.
1453 2436 1502 2464 as
1529 2437 1614 2465 one
1633 2425 1685 2465 of
1707 2424 1834 2466 those

330 2489 388 2517 on
411 2476 557 2516 whom
579 2475 794 2517 devolved
814 2476 890 2517 the
911 2476 1024 2528 duty
1045 2478 1096 2517 of
1111 2479 1401 2531 summoning
1420 2491 1448 2518 a
1469 2477 1671 2520 Council.

390 2535 404 2554 ⁰
435 2529 529 2571 The
563 2532 645 2571 site
678 2531 729 2571 of
757 2530 845 2571 this
870 2531 1050 2583 fundus
1083 2530 1174 2572 and
1208 2532 1260 2572 of
1289 2531 1428 2584 Gippi
1460 2531 1574 2574 have
1607 2537 1686 2574 not
1718 2532 1831 2574 been

334 2583 574 2633 identified,
597 2584 678 2626 but
698 2584 806 2637 they
827 2589 946 2627 must
967 2585 1080 2627 have
1099 2585 1213 2627 been
1234 2599 1342 2628 near
1361 2587 1529 2640 Hippo.

340 2655 432 2695 122
