1866 2964
756 177 847 226 ST.
885 179 1293 227 AUGUSTINE

267 308 577 372 collegarum
615 327 846 357 meorum
886 311 994 358 fieri
1032 311 1314 358 voluntate.
1382 313 1617 359 Arbitror
1655 329 1778 376 qua-

267 394 486 440 cumque
531 381 765 440 primitus
812 387 991 426 exorta
1036 384 1298 426 occasione
1343 379 1581 427 facillime
1627 397 1775 443 posse

270 461 327 490 ac
360 446 550 492 debere
584 450 847 504 maturari,
873 455 930 494 ut
965 452 1218 504 noverint,
1243 452 1373 495 sicut
1397 449 1520 504 dixi,
1545 448 1775 495 homines

266 516 399 568 vani,
420 530 635 576 quorum
657 522 709 561 et
731 516 1111 562 adversantium
1137 516 1356 562 salutem
1380 520 1702 579 requirimus,
1719 523 1775 563 et

266 580 407 643 leges
444 598 575 644 quae
618 599 709 645 pro
746 583 959 629 ecclesia
1000 583 1187 630 Christi
1221 588 1405 631 missae
1441 592 1581 640 sunt,
1612 588 1776 648 magis

267 648 538 695 Theodosii
556 649 713 696 filium
730 668 883 714 quam
905 651 1235 698 Stilichonem
1255 669 1456 699 curasse
1476 653 1773 699 mittendas.

267 716 547 779 Propterea
580 722 770 781 quippe
802 728 1116 766 memoratus
1147 722 1419 784 presbyter
1450 719 1631 766 harum
1663 737 1778 784 per-

266 784 414 840 lator,
454 802 570 831 cum
611 787 674 833 de
715 790 924 850 regione
965 791 1030 834 sit
1074 788 1393 844 Milevitana,
1435 789 1500 834 ab
1539 792 1775 851 episcopo

265 870 355 898 suo
394 854 670 900 venerabili
706 853 864 901 fratre
898 872 1013 902 meo
1044 855 1249 912 Severo,
1281 860 1367 919 qui
1396 864 1541 902 tuam
1572 873 1775 903 mecum

263 924 652 968 sincerissimam
720 922 1048 970 dilectionem
1116 924 1337 971 multum
1406 924 1615 980 salutat,
1683 941 1776 987 per

265 989 821 1054 Hipponem-Regium,
849 993 935 1038 ubi
964 1009 1060 1055 ego
1087 1009 1216 1048 sum,
1243 996 1459 1039 transire
1486 996 1649 1038 iussus
1678 999 1774 1048 est,

263 1061 400 1119 quia,
437 1075 551 1103 cum
588 1057 722 1105 forte
759 1059 908 1105 simul
945 1077 1170 1106 essemus
1206 1064 1258 1106 in
1293 1063 1492 1124 magnis
1530 1060 1774 1106 ecclesiae

261 1125 675 1172 tribulationibus
736 1134 789 1173 et
848 1130 1338 1190 perturbationibus,
1401 1129 1774 1191 quaerebamus

263 1197 579 1240 occasionem
617 1196 870 1242 scribendi
907 1197 972 1243 ad
1009 1200 1363 1242 eximietatem
1400 1204 1545 1243 tuam
1582 1203 1636 1242 et
1672 1213 1774 1242 non

261 1263 664 1308 inveniebamus.
703 1263 813 1308 Iam
835 1265 1043 1326 quidem
1064 1282 1218 1310 unam
1241 1264 1512 1327 epistulam
1533 1267 1770 1310 miseram

260 1331 311 1373 in
354 1334 563 1393 negotio
605 1335 765 1377 sancti
809 1330 979 1379 fratris
1023 1340 1076 1379 et
1117 1332 1344 1396 collegae
1385 1336 1488 1378 mei
1529 1331 1772 1378 Bonifatii

261 1400 483 1460 episcopi
541 1398 913 1462 Cataquensis3
979 1401 1071 1447 sed
1121 1402 1349 1447 nondum
1401 1401 1467 1447 ad
1518 1417 1608 1446 nos
1658 1417 1773 1463 per-

259 1473 507 1512 venerant
537 1470 787 1530 graviora,
813 1485 945 1531 quae
979 1486 1069 1515 nos
1102 1468 1458 1515 vehementius
1493 1471 1770 1532 agitarent,

257 1534 440 1595 quibus
460 1537 852 1597 comprimendis
872 1535 952 1582 vel
971 1538 1281 1600 corrigendis
1301 1553 1455 1599 quem
1476 1537 1541 1583 ad
1559 1536 1768 1583 modum

254 1600 463 1648 meliore
496 1603 776 1649 secundum
808 1607 941 1650 viam
974 1604 1160 1651 Christi
1191 1604 1398 1651 consilio
1429 1611 1769 1660 succurratur,

259 1671 572 1717 commodius
629 1674 852 1733 episcopi
911 1676 997 1735 qui
1052 1680 1327 1735 propterea
1382 1676 1770 1736 navigaverunt,

259 1753 374 1782 cum
418 1745 566 1784 tanta
607 1739 932 1803 benignitate
975 1744 1051 1787 tui
1094 1742 1256 1787 cordis
1299 1743 1462 1787 acturi
1503 1747 1641 1796 sunt,
1684 1743 1770 1803 qui

257 1812 540 1866 potuerunt
573 1811 828 1853 communi
861 1808 1066 1855 consilio
1099 1809 1394 1872 diligentius
1428 1807 1769 1855 deliberatum

260 1872 452 1936 aliquid
499 1873 651 1930 ferre,
701 1883 952 1938 quantum
1001 1881 1246 1939 temporis
1293 1876 1633 1939 permittebat
1683 1892 1770 1921 an-

257 1945 444 2004 gustia.
515 1942 648 1989 Illud
679 1950 857 1990 tamen
899 1961 999 2008 quo
1039 1949 1264 1991 animum
1297 1944 1679 1991 clementissimi
1713 1951 1767 1990 et

257 2008 620 2072 religiosissimi
684 2015 923 2075 principis
991 2029 1113 2076 erga
1180 2012 1445 2059 ecclesiam
1509 2014 1767 2074 provincia

256 2081 473 2133 noverit,
518 2078 656 2125 nullo
708 2081 860 2126 modo
908 2097 1018 2127 esse
1066 2080 1422 2136 differendum,
1469 2080 1560 2126 sed
1607 2082 1764 2125 etiam

319 2202 337 2219 ‘²
367 2196 461 2237 The
477 2211 680 2249 emperor
696 2199 936 2240 Honorius.
1050 2201 1064 2224 ὓ
1092 2200 1177 2240 For
1193 2200 1381 2241 Severus
1397 2212 1469 2239 see
1484 2211 1527 2250 p.
1550 2201 1645 2246 108,
1663 2211 1705 2238 n.
1725 2198 1762 2239 b.

320 2257 334 2275 ⁰
366 2251 472 2291 This
511 2252 713 2293 business
752 2255 803 2293 of
840 2254 1051 2295 Boniface
1089 2256 1228 2295 forms
1269 2254 1344 2294 the
1382 2253 1554 2305 subject
1592 2253 1643 2293 of
1677 2252 1761 2304 Ep.

256 2308 399 2352 xcvi.;
455 2308 486 2346 it
526 2307 772 2347 concerned
816 2308 890 2349 the
938 2311 1187 2360 possession
1235 2310 1286 2349 of
1320 2322 1346 2348 a
1394 2310 1516 2360 piece
1563 2308 1614 2347 of
1655 2305 1763 2346 land

258 2360 469 2412 acquired
496 2360 556 2412 by
584 2362 833 2402 Boniface's
857 2363 1154 2414 predecessor,
1178 2363 1322 2404 which
1350 2363 1562 2402 Boniface
1585 2360 1762 2401 wanted

257 2420 303 2455 to
321 2416 432 2455 have
449 2415 673 2468 regularly
687 2417 876 2468 granted
893 2422 938 2457 to
956 2418 1146 2459 himself.
1192 2418 1419 2470 Cataquas
1435 2430 1524 2456 was
1540 2414 1763 2468 probably

258 2483 365 2509 near
407 2470 574 2521 Hippo,
615 2471 684 2510 for
728 2471 939 2512 Boniface
984 2475 1019 2512 is
1057 2472 1313 2525 frequently
1352 2470 1493 2511 found
1536 2472 1579 2510 in
1619 2483 1762 2510 corre-

257 2523 511 2576 spondence
545 2524 634 2564 and
669 2539 725 2564 on
760 2525 962 2566 business
1003 2528 1108 2568 with
1157 2527 1409 2579 Augustine
1447 2525 1583 2577 (Epp.
1630 2526 1760 2570 xcvi„

256 2581 442 2626 cxxxix„
465 2578 613 2626 cxliii.‚
635 2580 781 2628 cxlix„
802 2580 924 2632 clii.).

265 2647 359 2693 174
