1866 2964
757 163 848 212 ST.
886 163 1295 212 AUGUSTINE

267 297 336 344 Et
376 314 462 344 vos
504 313 623 344 oves
672 296 859 345 Christi
902 300 1041 353 estis,
1082 296 1431 343 characterem
1471 295 1781 343 dominicum

267 368 483 428 portatis
514 368 568 412 in
598 372 918 412 sacramento
956 366 1094 429 quod
1131 368 1414 427 accepistis,
1446 364 1538 411 sed
1575 365 1778 410 errastis

269 441 322 480 et
381 436 600 496 peristis.
672 433 787 480 Non
845 434 962 480 ideo
1023 434 1163 480 vobis
1225 432 1600 496 displiceamus,
1660 433 1781 494 quia

265 518 561 548 revocamus
599 508 827 548 errantes
869 508 923 548 et
957 504 1247 564 quaerimus
1282 501 1546 564 perditos;
1597 498 1779 546 melius

268 573 404 615 enim
451 568 663 616 facimus
703 569 1024 616 voluntatem
1063 569 1254 616 domini
1299 570 1556 615 monentis
1594 574 1654 614 ut
1691 582 1778 613 vos

266 637 332 683 ad
378 640 484 683 eius
532 637 661 684 ovile
712 638 880 684 redire
926 654 1185 701 cogamus,
1233 653 1387 700 quam
1433 637 1778 683 consentimus

265 704 517 752 voluntati
537 708 706 751 otium
724 708 1021 761 errantium,
1038 712 1096 751 ut
1111 708 1278 767 perire
1297 721 1384 751 vos
1400 706 1776 767 permittamus.

266 772 380 819 Noli
412 790 532 836 ergo
561 776 664 819 iam
693 774 880 829 dicere,
911 773 1048 836 quod
1076 780 1130 819 te
1161 773 1362 820 assidue
1392 772 1543 819 audio
1573 772 1741 819 dicere
1767 787 1778 817 z

265 840 292 855 “
319 840 397 887 Sic
425 841 535 887 volo
564 858 749 897 errare,
777 844 846 888 sic
876 841 987 888 volo
1017 844 1183 903 perire
1209 840 1236 856 ''
1263 856 1274 896 ;
1317 839 1498 887 melius
1526 843 1662 886 enim
1686 855 1778 885 nos

264 907 358 955 hoc
384 912 588 955 omnino
614 926 716 955 non
740 912 1104 972 permittimus,
1131 916 1383 972 quantum
1406 924 1689 971 possumus.

214 983 241 1021 4
333 976 492 1024 Modo
531 978 669 1040 quod
706 984 760 1023 te
797 980 850 1023 in
886 985 1121 1040 puteum,
1159 984 1217 1024 ut
1254 979 1539 1033 morereris,
1577 977 1777 1031 misisti,

264 1048 443 1107 utique
477 1044 637 1091 libera
670 1044 936 1092 voluntate
971 1044 1152 1091 fecisti.
1223 1044 1325 1092 Sed
1359 1061 1513 1108 quam
1546 1042 1776 1090 crudeles

265 1120 436 1159 essent
482 1116 612 1159 servi
657 1113 758 1169 dei,
804 1116 844 1160 si
885 1112 1002 1159 huic
1045 1112 1212 1159 malae
1257 1120 1380 1160 tuae
1425 1111 1678 1159 voluntati
1722 1118 1776 1158 te

262 1184 626 1242 permitterent
672 1188 725 1228 et
770 1198 873 1228 non
915 1188 970 1228 te
1015 1181 1080 1228 de
1123 1180 1209 1228 illa
1251 1188 1418 1227 morte
1462 1179 1774 1227 liberarent!

264 1247 388 1307 Quis
438 1265 522 1295 eos
568 1266 671 1295 non
712 1252 897 1296 merito
934 1247 1207 1312 culparet?
1277 1249 1402 1308 Quis
1448 1265 1552 1296 non
1594 1250 1776 1311 impios

263 1323 404 1363 recte
438 1317 730 1364 iudicaret?
798 1317 869 1364 Et
902 1324 1080 1363 tamen
1113 1324 1172 1364 tu
1206 1324 1260 1364 te
1295 1315 1468 1364 volens
1501 1320 1555 1363 in
1589 1331 1776 1380 aquam

262 1387 460 1441 misisti,
484 1392 542 1432 ut
563 1388 850 1442 morereris,
872 1384 942 1431 illi
966 1392 1019 1432 te
1044 1384 1306 1432 nolentem
1332 1385 1396 1432 de
1422 1401 1556 1448 aqua
1576 1383 1777 1431 levave-

261 1459 398 1508 runt,
427 1469 491 1499 ne
519 1456 786 1500 morereris
811 1469 822 1510 ς
867 1460 924 1499 tu
954 1452 1121 1500 fecisti
1147 1453 1429 1500 secundum
1455 1452 1775 1499 voluntatem

261 1527 407 1566 tuam
438 1521 529 1568 sed
559 1524 612 1567 in
641 1524 921 1584 perniciem
951 1528 1114 1577 tuam,
1144 1521 1215 1567 illi
1247 1529 1425 1568 contra
1454 1520 1774 1568 voluntatem

260 1595 405 1634 tuam
436 1589 528 1635 sed
556 1596 768 1652 propter
797 1588 1018 1636 salutem
1047 1597 1207 1636 tuam.
1278 1588 1329 1635 Si
1361 1606 1482 1653 ergo
1512 1588 1646 1636 salus
1675 1591 1775 1635 ista

261 1656 530 1719 corporalis
557 1660 626 1703 sic
652 1657 987 1704 custodienda
1015 1664 1110 1713 est,
1137 1665 1195 1704 ut
1223 1661 1380 1704 etiam
1404 1660 1458 1703 in
1482 1656 1774 1704 nolentibus

261 1724 325 1770 ab
363 1727 434 1770 eis
467 1727 553 1788 qui
592 1741 676 1771 eos
714 1725 952 1789 diligunt,
984 1732 1232 1781 servetur,
1271 1732 1465 1789 quanto
1495 1727 1658 1789 magis
1689 1723 1774 1771 illa

259 1791 515 1854 spiritalis,
538 1795 591 1839 in
614 1796 754 1839 cuius
779 1794 1070 1840 desertione
1094 1810 1227 1840 mors
1253 1801 1466 1840 aeterna
1487 1795 1738 1840 metuitur
1762 1793 1771 1839 !

261 1859 587 1923 Quamquam
621 1864 673 1907 in
703 1864 803 1908 ista
832 1869 998 1908 morte
1037 1878 1191 1925 quam
1222 1862 1317 1908 tibi
1353 1868 1412 1908 tu
1442 1864 1551 1924 ipse
1583 1859 1772 1908 inferre

260 1927 480 1985 voluisti,
503 1946 604 1976 non
627 1928 790 1976 solum
815 1930 880 1977 ad
902 1937 1107 1993 tempus
1131 1929 1222 1976 sed
1247 1932 1403 1976 etiam
1426 1932 1479 1975 in
1503 1937 1771 1976 aeternum

325 2123 343 2141 ‘¹
380 2116 629 2166 Charaeta,
655 2133 713 2159 an
738 2119 1042 2171 Augustinian
1066 2124 1194 2167 term,
1220 2118 1274 2159 he
1297 2118 1464 2160 defines
1488 2119 1646 2171 (Serm.
1671 2122 1769 2160 302.

262 2176 302 2212 5.
320 2176 364 2222 3)
382 2172 484 2213 thus
501 2191 510 2214 ε
543 2173 876 2214 “characterem
893 2176 1055 2225 accipit
1071 2174 1366 2222 Christianus,
1380 2187 1483 2214 cum
1500 2173 1549 2214 fit
1564 2174 1771 2215 catechu-

263 2228 471 2267 menus.'’
536 2227 578 2268 It
605 2229 637 2267 is
667 2227 757 2268 like
786 2228 861 2268 the
894 2230 1077 2280 imprint
1105 2242 1164 2269 on
1193 2228 1396 2280 imperial
1425 2242 1602 2281 money,
1624 2242 1674 2269 or
1696 2229 1771 2270 the

265 2286 369 2321 nota
393 2282 608 2322 militaris
633 2284 683 2323 of
702 2282 777 2322 the
802 2282 976 2331 soldier,
1002 2297 1051 2323 or
1074 2283 1148 2323 the
1173 2282 1304 2323 mark
1328 2297 1355 2323 a
1378 2283 1599 2335 shepherd
1622 2283 1771 2336 places

265 2349 322 2375 on
345 2336 411 2375 his
433 2336 566 2388 sheep
588 2337 659 2388 (C.
682 2337 767 2389 Ep.
790 2338 942 2378 Parm.
966 2339 1008 2378 ii.
1030 2340 1120 2389 29),
1143 2351 1200 2377 an
1222 2337 1430 2378 indelible
1450 2340 1768 2379 consecration.

268 2390 308 2430 It
335 2392 369 2430 is
396 2390 550 2431 linked
578 2405 638 2443 up
665 2392 771 2432 with
799 2392 1090 2444 Augustine's
1117 2392 1274 2444 theory
1301 2393 1352 2432 of
1372 2392 1448 2433 the
1474 2391 1653 2433 Church
1679 2392 1769 2433 and

261 2446 312 2485 of
342 2445 560 2497 Baptism,
594 2446 738 2486 which
770 2460 880 2487 once
910 2446 1079 2498 validly
1110 2446 1335 2488 bestowed
1366 2449 1402 2487 is
1434 2451 1512 2487 not
1542 2451 1588 2488 to
1619 2447 1675 2488 be
1706 2461 1772 2488 re-

260 2500 435 2551 peated,
462 2500 542 2541 but
567 2502 602 2541 is
627 2501 877 2541 efficacious
902 2501 1008 2553 only
1033 2501 1161 2542 when
1186 2501 1262 2542 the
1285 2501 1493 2554 baptized
1519 2515 1595 2542 are
1612 2501 1766 2555 joined

260 2558 306 2594 to
327 2554 402 2594 the
424 2554 602 2595 Church
625 2555 827 2596 Catholic
847 2555 937 2596 and
959 2570 1034 2596 are
1054 2557 1099 2596 in
1120 2569 1266 2609 grace.

263 2625 357 2665 288
