1866 2964
812 194 903 244 ST.
941 196 1348 245 AUGUSTINE

323 327 493 391 aliqua
518 331 707 391 scripta
730 336 905 375 nostra
928 328 1030 376 fert
1054 347 1244 377 secum.
1312 329 1510 389 Quibus
1531 328 1764 394 legendis
1791 332 1831 376 si

323 397 676 460 dignationem
715 396 1023 453 adhibueris,
1053 402 1211 445 etiam
1243 402 1492 445 sinceram
1526 397 1831 445 fraternam-

325 481 423 527 que
458 469 790 512 severitatem
821 465 1065 512 adhibeas
1095 484 1301 530 quaeso.
1371 467 1486 513 Non
1518 470 1654 513 enim
1681 465 1830 526 aliter

323 532 587 597 intellego,
624 534 762 596 quod
797 537 1042 596 scriptum
1086 542 1199 581 est:
1256 533 1536 581 Emendabit
1575 551 1645 581 me
1679 534 1830 581 iustus

322 600 369 646 in
408 601 725 647 misericordia
761 608 803 648 et
838 609 1002 666 arguet
1041 620 1110 649 me
1130 622 1152 656 ,·
1200 603 1349 649 oleum
1386 609 1537 650 antem
1566 602 1827 666 peccatoris

321 686 412 715 non
464 669 705 733 inpinguet
754 677 895 733 capnt
947 688 1113 726 meum,
1154 674 1249 717 nisi
1299 674 1419 734 quia
1467 674 1632 735 magis
1690 677 1831 717 amat

320 738 617 801 obiurgator
663 755 847 784 sanans
894 755 1049 802 quam
1097 739 1331 786 adulator
1376 756 1610 803 unguens
1655 745 1828 802 caput.

320 806 431 868 Ego
461 813 636 852 autem
663 806 951 853 difficillime
979 808 1142 853 bonus
1168 808 1324 854 iudex
1350 806 1486 871 lego,
1513 808 1651 870 quod
1676 810 1829 869 scrip-

319 877 489 929 serim,
527 874 619 920 sed
657 881 747 920 aut
783 875 1010 921 timidior
1046 883 1188 922 recto
1227 883 1317 922 aut
1355 876 1598 938 cupidior.
1666 875 1828 922 Video

320 945 477 987 etiam
510 943 771 989 interdum
808 946 929 989 vitia
963 960 1097 999 mea,
1132 944 1224 990 sed
1257 943 1384 990 haec
1417 943 1552 990 malo
1587 943 1763 990 audire
1799 959 1829 989 a

318 1009 628 1065 melioribUS,
654 1027 739 1066 ne,
766 1028 881 1057 cum
908 1028 991 1058 me
1019 1019 1160 1058 recte
1187 1011 1404 1058 fortasse
1431 1010 1829 1075 reprehendero,

318 1095 487 1124 rursus
534 1077 658 1124 mihi
704 1078 937 1126 blandiar
985 1087 1038 1126 et
1086 1080 1439 1126 meticulosam
1486 1083 1657 1143 potius
1704 1078 1827 1125 mihi

318 1147 492 1193 videar
513 1149 565 1193 in
588 1164 671 1193 me
697 1164 850 1211 quam
874 1151 1063 1194 iustam
1086 1148 1263 1195 tulisse
1287 1152 1616 1195 sententiam.

798 1352 892 1399 No.
923 1357 981 1398 10
1004 1353 1120 1417 (Ep.
1145 1352 1343 1416 XXIX)

322 1469 629 1512 EPISTULA
694 1471 1081 1512 PRESBYTERI
1146 1471 1659 1514 HIPPONIENSIUM
1724 1471 1826 1511 RE-

437 1535 694 1577 GIORUM
766 1537 851 1577 AD
927 1537 1220 1579 ALYPIUM
1291 1536 1650 1578 EPISCOPUM
1724 1535 1825 1576 TA-

437 1600 845 1642 GASTENSIUM
916 1602 998 1642 DE
1056 1603 1164 1643 DIE
1230 1601 1501 1643 NATALIS
1564 1600 1822 1642 LEONTII

434 1665 758 1716 QUONDAM
791 1666 1071 1708 EPISCOPI
1104 1666 1552 1708 HIPPONIENSIS

382 1773 462 1819 De
497 1777 705 1837 negotio
732 1778 938 1821 interim
969 1776 1107 1839 quod
1140 1793 1241 1822 non
1268 1792 1444 1822 curare
1473 1793 1574 1822 non
1600 1791 1824 1837 possum,

314 1840 438 1887 nihil
474 1850 671 1888 certum
700 1844 920 1889 scribere
948 1847 1093 1906 potui
1131 1845 1345 1891 absente
1382 1843 1541 1890 fratre
1576 1843 1822 1898 Macario,

315 1913 400 1972 qui
443 1913 545 1956 cito
587 1910 773 1957 dicitur
813 1912 1089 1968 rediturus,
1132 1919 1185 1959 et
1228 1912 1365 1975 quod
1407 1912 1504 1959 deo
1547 1911 1822 1958 adiuvante

313 1981 490 2040 peragi
531 1982 777 2040 potuerit,
817 1987 1111 2043 peragetur.
1181 1980 1262 2027 De
1302 1987 1477 2027 nostra
1517 1986 1693 2026 autem
1732 1995 1824 2042 pro

314 2048 385 2091 eis
420 2045 759 2093 sollicitudine
803 2064 1115 2111 quamquam
1148 2047 1332 2095 fratres
1373 2051 1533 2095 nostri
1568 2050 1702 2094 cives
1736 2049 1822 2110 qui

315 2113 548 2170 aderant,
573 2131 774 2161 securos
799 2132 886 2162 vos
911 2114 1081 2163 facere
1106 2124 1335 2179 possent,
1359 2124 1536 2163 tamen
1562 2116 1717 2179 digna
1742 2131 1822 2161 res

377 2259 394 2276 ‘²
428 2254 498 2294 Ps.
521 2254 602 2295 cxl.
626 2258 665 2296 5.
723 2255 987 2297 Translated
1008 2258 1124 2298 from
1146 2258 1221 2299 the
1243 2259 1527 2313 Septuagint.

378 2307 394 2331 δ
428 2308 642 2349 Leontius
681 2309 874 2351 suffered
916 2312 1194 2364 martyrdom
1234 2313 1375 2355 about
1412 2318 1510 2355 303.
1573 2315 1613 2355 A
1654 2315 1822 2356 church

317 2362 431 2403 built
458 2363 520 2415 by
548 2364 656 2411 him,
684 2364 759 2405 the
787 2365 971 2405 basilica
996 2366 1256 2417 Leontiana,
1286 2371 1322 2409 is
1348 2369 1517 2410 several
1542 2371 1672 2410 times
1700 2383 1821 2410 men-

316 2417 467 2457 tioned
498 2418 559 2469 by
589 2419 843 2471 Augustine
881 2420 1003 2471 (here
1033 2422 1122 2462 and
1163 2423 1300 2464 Serm.
1336 2426 1436 2472 5260,
1465 2425 1584 2475 262).
1664 2423 1822 2466 “That

315 2471 531 2511 festival”
566 2473 603 2519 (ἐ
635 2476 678 2523 2)
712 2474 747 2512 is
779 2473 852 2513 the
884 2474 1152 2516 celebration
1187 2476 1237 2516 of
1264 2477 1330 2518 his
1363 2479 1639 2531 martyrdom
1669 2480 1821 2521 beside

316 2525 384 2565 his
407 2526 547 2573 tomb,
570 2527 674 2566 with
700 2527 796 2567 that
822 2528 984 2569 licence
1012 2530 1155 2570 which
1184 2532 1435 2583 Augustine
1462 2533 1541 2573 has
1569 2536 1612 2574 in
1639 2536 1821 2587 general

315 2584 450 2620 terms
471 2580 654 2633 already
674 2581 934 2624 denounced
958 2586 1000 2624 in
1025 2584 1066 2624 Ν
1071 2599 1110 2626 ο.
1134 2588 1158 2625 8
1179 2586 1333 2628 above.

306 2643 367 2691 68
