<?xml version="1.0" encoding="UTF-8"?>
<!DOCTYPE html PUBLIC "-//W3C//DTD XHTML 1.0 Transitional//EN"
    "http://www.w3.org/TR/xhtml1/DTD/xhtml1-transitional.dtd">
<html xmlns="http://www.w3.org/1999/xhtml" xml:lang="en" lang="en">
 <head>
  <title>
</title>
<meta http-equiv="Content-Type" content="text/html;charset=utf-8" />
  <meta name='ocr-system' content='tesseract 3.04.00' />
  <meta name='ocr-capabilities' content='ocr_page ocr_carea ocr_par ocr_line ocrx_word'/>
</head>
<body>
  <div class='ocr_page' id='page_1' title='image "./selectletters00auguuoft_0384.png"; bbox 0 0 1866 2964; ppageno 0'>
   <div class='ocr_carea' id='block_1_1' title="bbox 793 204 1331 254">
    <p class='ocr_par' dir='ltr' id='par_1_1' title="bbox 793 204 1331 254">
     <span class='ocr_line' id='line_1_1' title="bbox 793 204 1331 254; baseline 0.002 -1"><span class='ocrx_word' id='word_1_1' title='bbox 793 204 884 254; x_wconf 91' lang='lat' dir='ltr'><strong>ST.</strong></span> <span class='ocrx_word' id='word_1_2' title='bbox 921 205 1331 254; x_wconf 88' lang='lat' dir='ltr'><strong>AUGUSTINE</strong></span> 
     </span>
    </p>
   </div>
   <div class='ocr_carea' id='block_1_2' title="bbox 305 338 1815 538">
    <p class='ocr_par' dir='ltr' id='par_1_2' title="bbox 305 338 1815 538">
     <span class='ocr_line' id='line_1_2' title="bbox 305 338 1815 402; baseline 0.001 -18"><span class='ocrx_word' id='word_1_3' title='bbox 305 354 492 402; x_wconf 89' lang='lat' dir='ltr'><strong>magno</strong></span> <span class='ocrx_word' id='word_1_4' title='bbox 531 339 717 402; x_wconf 84' lang='lat' dir='ltr'><strong>gaudio</strong></span> <span class='ocrx_word' id='word_1_5' title='bbox 755 338 1126 402; x_wconf 78' lang='lat' dir='ltr'><strong>gratulabimur</strong></span> <span class='ocrx_word' id='word_1_6' title='bbox 1163 356 1265 385; x_wconf 93' lang='lat' dir='ltr'><strong>non</strong></span> <span class='ocrx_word' id='word_1_7' title='bbox 1300 338 1522 385; x_wconf 87' lang='lat' dir='ltr'><strong>multum</strong></span> <span class='ocrx_word' id='word_1_8' title='bbox 1559 344 1815 394; x_wconf 76' lang='lat' dir='ltr'><strong>curantes,</strong></span> 
     </span>
     <span class='ocr_line' id='line_1_3' title="bbox 306 406 1812 470; baseline 0.001 -19"><span class='ocrx_word' id='word_1_9' title='bbox 306 413 478 452; x_wconf 80' lang='lat' dir='ltr'><strong>utrum</strong></span> <span class='ocrx_word' id='word_1_10' title='bbox 512 406 595 452; x_wconf 85' lang='lat' dir='ltr'><strong>illa</strong></span> <span class='ocrx_word' id='word_1_11' title='bbox 631 423 869 468; x_wconf 85' lang='lat' dir='ltr'><strong>perversa</strong></span> <span class='ocrx_word' id='word_1_12' title='bbox 904 414 958 453; x_wconf 88' lang='lat' dir='ltr'><strong>et</strong></span> <span class='ocrx_word' id='word_1_13' title='bbox 993 410 1150 469; x_wconf 89' lang='lat' dir='ltr'><strong>impia</strong></span> <span class='ocrx_word' id='word_1_14' title='bbox 1183 424 1464 470; x_wconf 87' lang='lat' dir='ltr'><strong>numquam</strong></span> <span class='ocrx_word' id='word_1_15' title='bbox 1498 409 1715 454; x_wconf 77' lang='lat' dir='ltr'><strong>senserit</strong></span> <span class='ocrx_word' id='word_1_16' title='bbox 1749 423 1812 452; x_wconf 88' lang='lat' dir='ltr'><strong>an</strong></span> 
     </span>
     <span class='ocr_line' id='line_1_4' title="bbox 305 473 1160 538; baseline 0.002 -18"><span class='ocrx_word' id='word_1_17' title='bbox 305 490 358 520; x_wconf 91' lang='lat' dir='ltr'><strong>se</strong></span> <span class='ocrx_word' id='word_1_18' title='bbox 385 475 448 521; x_wconf 90' lang='lat' dir='ltr'><strong>ab</strong></span> <span class='ocrx_word' id='word_1_19' title='bbox 475 477 545 521; x_wconf 90' lang='lat' dir='ltr'><strong>eis</strong></span> <span class='ocrx_word' id='word_1_20' title='bbox 572 473 844 538; x_wconf 87' lang='lat' dir='ltr'><strong>aliquando</strong></span> <span class='ocrx_word' id='word_1_21' title='bbox 869 478 1160 522; x_wconf 84' lang='lat' dir='ltr'><strong>correxerit.</strong></span> 
     </span>
    </p>
   </div>
   <div class='ocr_carea' id='block_1_3' title="bbox 715 699 1402 764">
    <p class='ocr_par' dir='ltr' id='par_1_3' title="bbox 715 699 1402 764">
     <span class='ocr_line' id='line_1_5' title="bbox 715 699 1402 764; baseline 0.001 -19"><span class='ocrx_word' id='word_1_22' title='bbox 715 699 808 746; x_wconf 83' lang='lat' dir='ltr'><strong>No.</strong></span> <span class='ocrx_word' id='word_1_23' title='bbox 837 706 897 747; x_wconf 72' lang='lat'><strong>42</strong></span> <span class='ocrx_word' id='word_1_24' title='bbox 924 700 1039 764; x_wconf 85' lang='lat' dir='ltr'><strong>(Ep.</strong></span> <span class='ocrx_word' id='word_1_25' title='bbox 1068 699 1402 764; x_wconf 79' lang='lat' dir='ltr'>CLXXXIX)</span> 
     </span>
    </p>
   </div>
   <div class='ocr_carea' id='block_1_4' title="bbox 309 805 1812 980">
    <p class='ocr_par' dir='ltr' id='par_1_4' title="bbox 309 805 1812 980">
     <span class='ocr_line' id='line_1_6' title="bbox 309 805 1812 858; baseline 0.001 -11"><span class='ocrx_word' id='word_1_26' title='bbox 309 806 570 849; x_wconf 82' lang='lat' dir='ltr'>DOMINO</span> <span class='ocrx_word' id='word_1_27' title='bbox 614 808 850 849; x_wconf 79' lang='lat' dir='ltr'>EXIMIO</span> <span class='ocrx_word' id='word_1_28' title='bbox 893 809 970 849; x_wconf 81' lang='lat' dir='ltr'><strong>ET</strong></span> <span class='ocrx_word' id='word_1_29' title='bbox 1015 808 1262 850; x_wconf 80' lang='lat' dir='ltr'>MERITO</span> <span class='ocrx_word' id='word_1_30' title='bbox 1305 808 1554 850; x_wconf 88' lang='lat' dir='ltr'>INSIGNI</span> <span class='ocrx_word' id='word_1_31' title='bbox 1597 805 1812 858; x_wconf 85' lang='lat' dir='ltr'><strong>ATQUE</strong></span> 
     </span>
     <span class='ocr_line' id='line_1_7' title="bbox 421 871 1812 915; baseline 0 -2"><span class='ocrx_word' id='word_1_32' title='bbox 421 871 828 914; x_wconf 78' lang='lat' dir='ltr'>HONORABILI</span> <span class='ocrx_word' id='word_1_33' title='bbox 879 872 1051 914; x_wconf 89' lang='lat' dir='ltr'>FILIO</span> <span class='ocrx_word' id='word_1_34' title='bbox 1111 872 1458 915; x_wconf 86' lang='lat' dir='ltr'>BONIFATIO</span> <span class='ocrx_word' id='word_1_35' title='bbox 1508 872 1812 915; x_wconf 90' lang='lat' dir='ltr'>AUGUSTI-</span> 
     </span>
     <span class='ocr_line' id='line_1_8' title="bbox 420 936 1275 980; baseline 0.001 -2"><span class='ocrx_word' id='word_1_36' title='bbox 420 936 547 978; x_wconf 85' lang='lat' dir='ltr'><strong>NUS</strong></span> <span class='ocrx_word' id='word_1_37' title='bbox 581 938 647 978; x_wconf 85' lang='lat' dir='ltr'><strong>IN</strong></span> <span class='ocrx_word' id='word_1_38' title='bbox 680 937 942 979; x_wconf 88' lang='lat' dir='ltr'>DOMINO</span> <span class='ocrx_word' id='word_1_39' title='bbox 975 937 1275 980; x_wconf 87' lang='lat' dir='ltr'><strong>SALUTEM</strong></span> 
     </span>
    </p>
   </div>
   <div class='ocr_carea' id='block_1_5' title="bbox 254 1055 1814 2142">
    <p class='ocr_par' dir='ltr' id='par_1_5' title="bbox 257 1055 1814 1937">
     <span class='ocr_line' id='line_1_9' title="bbox 257 1055 1814 1120; baseline 0.001 -19"><span class='ocrx_word' id='word_1_40' title='bbox 257 1062 276 1101; x_wconf 96' lang='grc'>1</span> <span class='ocrx_word' id='word_1_41' title='bbox 369 1055 480 1102; x_wconf 92' lang='lat' dir='ltr'><strong>Iam</strong></span> <span class='ocrx_word' id='word_1_42' title='bbox 506 1059 863 1119; x_wconf 78' lang='lat' dir='ltr'><strong>rescripseram</strong></span> <span class='ocrx_word' id='word_1_43' title='bbox 890 1060 1092 1104; x_wconf 84' lang='lat' dir='ltr'><strong>caritati</strong></span> <span class='ocrx_word' id='word_1_44' title='bbox 1117 1064 1258 1114; x_wconf 89' lang='lat' dir='ltr'><strong>tuae,</strong></span> <span class='ocrx_word' id='word_1_45' title='bbox 1285 1058 1394 1113; x_wconf 89' lang='lat' dir='ltr'><strong>sed,</strong></span> <span class='ocrx_word' id='word_1_46' title='bbox 1421 1074 1535 1104; x_wconf 90' lang='lat' dir='ltr'><strong>cum</strong></span> <span class='ocrx_word' id='word_1_47' title='bbox 1564 1055 1814 1120; x_wconf 79' lang='lat' dir='ltr'><strong>epistulae</strong></span> 
     </span>
     <span class='ocr_line' id='line_1_10' title="bbox 303 1124 1814 1189; baseline 0.001 -20"><span class='ocrx_word' id='word_1_48' title='bbox 303 1124 600 1188; x_wconf 82' lang='lat' dir='ltr'><strong>dirigendae</strong></span> <span class='ocrx_word' id='word_1_49' title='bbox 639 1128 833 1171; x_wconf 84' lang='lat' dir='ltr'><strong>occasio</strong></span> <span class='ocrx_word' id='word_1_50' title='bbox 871 1133 1223 1188; x_wconf 77' lang='lat' dir='ltr'><strong>quaereretur,</strong></span> <span class='ocrx_word' id='word_1_51' title='bbox 1261 1128 1557 1189; x_wconf 88' lang='lat' dir='ltr'><strong>supervenit</strong></span> <span class='ocrx_word' id='word_1_52' title='bbox 1594 1124 1814 1172; x_wconf 88' lang='lat' dir='ltr'><strong>dilectis-</strong></span> 
     </span>
     <span class='ocr_line' id='line_1_11' title="bbox 301 1191 1814 1258; baseline 0.001 -21"><span class='ocrx_word' id='word_1_53' title='bbox 301 1195 456 1238; x_wconf 89' lang='lat' dir='ltr'><strong>simus</strong></span> <span class='ocrx_word' id='word_1_54' title='bbox 494 1191 622 1238; x_wconf 84' lang='lat' dir='ltr'><strong>filius</strong></span> <span class='ocrx_word' id='word_1_55' title='bbox 659 1209 804 1240; x_wconf 89' lang='lat' dir='ltr'><strong>meus</strong></span> <span class='ocrx_word' id='word_1_56' title='bbox 843 1193 1061 1240; x_wconf 86' lang='lat' dir='ltr'><strong>Faustus</strong></span> <span class='ocrx_word' id='word_1_57' title='bbox 1097 1210 1318 1258; x_wconf 86' lang='lat' dir='ltr'><strong>pergens</strong></span> <span class='ocrx_word' id='word_1_58' title='bbox 1357 1194 1422 1241; x_wconf 89' lang='lat' dir='ltr'><strong>ad</strong></span> <span class='ocrx_word' id='word_1_59' title='bbox 1459 1196 1814 1240; x_wconf 87' lang='lat' dir='ltr'><strong>eximietatem</strong></span> 
     </span>
     <span class='ocr_line' id='line_1_12' title="bbox 301 1260 1814 1325; baseline 0.001 -19"><span class='ocrx_word' id='word_1_60' title='bbox 301 1266 460 1306; x_wconf 86' lang='lat' dir='ltr'><strong>tuam.</strong></span> <span class='ocrx_word' id='word_1_61' title='bbox 532 1260 633 1319; x_wconf 80' lang='lat' dir='ltr'><strong>Qui</strong></span> <span class='ocrx_word' id='word_1_62' title='bbox 673 1278 789 1307; x_wconf 86' lang='lat' dir='ltr'><strong>cum</strong></span> <span class='ocrx_word' id='word_1_63' title='bbox 829 1264 962 1324; x_wconf 89' lang='lat' dir='ltr'><strong>ipsas</strong></span> <span class='ocrx_word' id='word_1_64' title='bbox 1003 1261 1220 1318; x_wconf 85' lang='lat' dir='ltr'><strong>litteras,</strong></span> <span class='ocrx_word' id='word_1_65' title='bbox 1263 1279 1388 1325; x_wconf 87' lang='lat' dir='ltr'><strong>quas</strong></span> <span class='ocrx_word' id='word_1_66' title='bbox 1429 1265 1531 1308; x_wconf 90' lang='lat' dir='ltr'><strong>iam</strong></span> <span class='ocrx_word' id='word_1_67' title='bbox 1571 1260 1814 1317; x_wconf 84' lang='lat' dir='ltr'><strong>feceram,</strong></span> 
     </span>
     <span class='ocr_line' id='line_1_13' title="bbox 302 1329 1814 1394; baseline 0.001 -20"><span class='ocrx_word' id='word_1_68' title='bbox 302 1331 582 1391; x_wconf 88' lang='lat' dir='ltr'><strong>accepisset</strong></span> <span class='ocrx_word' id='word_1_69' title='bbox 613 1336 735 1376; x_wconf 88' lang='lat' dir='ltr'><strong>tuae</strong></span> <span class='ocrx_word' id='word_1_70' title='bbox 765 1329 1144 1376; x_wconf 86' lang='lat' dir='ltr'><strong>benivolentiae</strong></span> <span class='ocrx_word' id='word_1_71' title='bbox 1175 1329 1525 1393; x_wconf 85' lang='lat' dir='ltr'><strong>perferendas,</strong></span> <span class='ocrx_word' id='word_1_72' title='bbox 1556 1331 1814 1394; x_wconf 86' lang='lat' dir='ltr'><strong>suggessit</strong></span> 
     </span>
     <span class='ocr_line' id='line_1_14' title="bbox 301 1395 1812 1461; baseline 0.001 -20"><span class='ocrx_word' id='word_1_73' title='bbox 301 1395 424 1442; x_wconf 89' lang='lat' dir='ltr'><strong>mihi</strong></span> <span class='ocrx_word' id='word_1_74' title='bbox 454 1396 674 1443; x_wconf 86' lang='lat' dir='ltr'><strong>multum</strong></span> <span class='ocrx_word' id='word_1_75' title='bbox 704 1404 758 1443; x_wconf 88' lang='lat' dir='ltr'><strong>te</strong></span> <span class='ocrx_word' id='word_1_76' title='bbox 790 1398 1080 1444; x_wconf 88' lang='lat' dir='ltr'><strong>desiderare</strong></span> <span class='ocrx_word' id='word_1_77' title='bbox 1110 1405 1169 1444; x_wconf 92' lang='lat' dir='ltr'><strong>ut</strong></span> <span class='ocrx_word' id='word_1_78' title='bbox 1200 1397 1391 1461; x_wconf 89' lang='lat' dir='ltr'><strong>aliquid</strong></span> <span class='ocrx_word' id='word_1_79' title='bbox 1419 1399 1514 1445; x_wconf 91' lang='lat' dir='ltr'><strong>tibi</strong></span> <span class='ocrx_word' id='word_1_80' title='bbox 1539 1399 1812 1444; x_wconf 86' lang='lat' dir='ltr'><strong>scriberem</strong></span> 
     </span>
     <span class='ocr_line' id='line_1_15' title="bbox 303 1465 1813 1528; baseline 0 -18"><span class='ocrx_word' id='word_1_81' title='bbox 303 1465 440 1527; x_wconf 89' lang='lat' dir='ltr'><strong>quod</strong></span> <span class='ocrx_word' id='word_1_82' title='bbox 464 1472 518 1511; x_wconf 91' lang='lat' dir='ltr'><strong>te</strong></span> <span class='ocrx_word' id='word_1_83' title='bbox 546 1465 782 1512; x_wconf 83' lang='lat' dir='ltr'><strong>aedificet</strong></span> <span class='ocrx_word' id='word_1_84' title='bbox 809 1466 873 1512; x_wconf 92' lang='lat' dir='ltr'><strong>ad</strong></span> <span class='ocrx_word' id='word_1_85' title='bbox 898 1469 1264 1528; x_wconf 88' lang='lat' dir='ltr'><strong>sempiternam</strong></span> <span class='ocrx_word' id='word_1_86' title='bbox 1290 1465 1526 1522; x_wconf 89' lang='lat' dir='ltr'><strong>salutem,</strong></span> <span class='ocrx_word' id='word_1_87' title='bbox 1552 1468 1692 1512; x_wconf 91' lang='lat' dir='ltr'><strong>cuius</strong></span> <span class='ocrx_word' id='word_1_88' title='bbox 1718 1465 1813 1511; x_wconf 91' lang='lat' dir='ltr'><strong>tibi</strong></span> 
     </span>
     <span class='ocr_line' id='line_1_16' title="bbox 302 1532 1809 1597; baseline 0 -19"><span class='ocrx_word' id='word_1_89' title='bbox 302 1549 416 1594; x_wconf 91' lang='lat' dir='ltr'><strong>spes</strong></span> <span class='ocrx_word' id='word_1_90' title='bbox 462 1536 515 1578; x_wconf 93' lang='lat' dir='ltr'><strong>in</strong></span> <span class='ocrx_word' id='word_1_91' title='bbox 561 1532 761 1579; x_wconf 84' lang='lat' dir='ltr'><strong>Christo</strong></span> <span class='ocrx_word' id='word_1_92' title='bbox 808 1533 925 1580; x_wconf 90' lang='lat' dir='ltr'><strong>Iesu</strong></span> <span class='ocrx_word' id='word_1_93' title='bbox 971 1534 1176 1580; x_wconf 89' lang='lat' dir='ltr'><strong>domino</strong></span> <span class='ocrx_word' id='word_1_94' title='bbox 1220 1541 1409 1581; x_wconf 89' lang='lat' dir='ltr'><strong>nostro.</strong></span> <span class='ocrx_word' id='word_1_95' title='bbox 1479 1534 1549 1580; x_wconf 90' lang='lat' dir='ltr'><strong>Et</strong></span> <span class='ocrx_word' id='word_1_96' title='bbox 1579 1536 1809 1597; x_wconf 89' lang='lat' dir='ltr'><strong>quamvis</strong></span> 
     </span>
     <span class='ocr_line' id='line_1_17' title="bbox 301 1599 1811 1663; baseline 0.001 -17"><span class='ocrx_word' id='word_1_97' title='bbox 301 1599 424 1646; x_wconf 88' lang='lat' dir='ltr'><strong>mihi</strong></span> <span class='ocrx_word' id='word_1_98' title='bbox 443 1608 690 1663; x_wconf 86' lang='lat' dir='ltr'><strong>occupato</strong></span> <span class='ocrx_word' id='word_1_99' title='bbox 709 1608 914 1647; x_wconf 88' lang='lat' dir='ltr'><strong>tantum</strong></span> <span class='ocrx_word' id='word_1_100' title='bbox 933 1604 1122 1648; x_wconf 85' lang='lat' dir='ltr'><strong>institit</strong></span> <span class='ocrx_word' id='word_1_101' title='bbox 1148 1609 1206 1648; x_wconf 89' lang='lat' dir='ltr'><strong>ut</strong></span> <span class='ocrx_word' id='word_1_102' title='bbox 1230 1601 1399 1648; x_wconf 88' lang='lat' dir='ltr'><strong>facere</strong></span> <span class='ocrx_word' id='word_1_103' title='bbox 1419 1619 1520 1648; x_wconf 93' lang='lat' dir='ltr'><strong>non</strong></span> <span class='ocrx_word' id='word_1_104' title='bbox 1538 1600 1811 1657; x_wconf 82' lang='lat' dir='ltr'><strong>differrem,</strong></span> 
     </span>
     <span class='ocr_line' id='line_1_18' title="bbox 302 1669 1809 1734; baseline 0.001 -20"><span class='ocrx_word' id='word_1_105' title='bbox 302 1675 553 1731; x_wconf 85' lang='lat' dir='ltr'><strong>quantum</strong></span> <span class='ocrx_word' id='word_1_106' title='bbox 582 1672 675 1715; x_wconf 88' lang='lat' dir='ltr'><strong>scis</strong></span> <span class='ocrx_word' id='word_1_107' title='bbox 706 1670 843 1732; x_wconf 92' lang='lat' dir='ltr'><strong>quod</strong></span> <span class='ocrx_word' id='word_1_108' title='bbox 873 1676 927 1716; x_wconf 91' lang='lat' dir='ltr'><strong>te</strong></span> <span class='ocrx_word' id='word_1_109' title='bbox 964 1673 1228 1716; x_wconf 88' lang='lat' dir='ltr'><strong>sinceriter</strong></span> <span class='ocrx_word' id='word_1_110' title='bbox 1255 1669 1450 1734; x_wconf 83' lang='lat' dir='ltr'><strong>diligat.</strong></span> <span class='ocrx_word' id='word_1_111' title='bbox 1522 1670 1809 1716; x_wconf 82' lang='lat' dir='ltr'><strong>Festinanti</strong></span> 
     </span>
     <span class='ocr_line' id='line_1_19' title="bbox 303 1736 1810 1801; baseline 0.001 -19"><span class='ocrx_word' id='word_1_112' title='bbox 303 1752 423 1800; x_wconf 87' lang='lat' dir='ltr'><strong>ergo</strong></span> <span class='ocrx_word' id='word_1_113' title='bbox 445 1743 502 1783; x_wconf 93' lang='lat' dir='ltr'><strong>ut</strong></span> <span class='ocrx_word' id='word_1_114' title='bbox 523 1753 857 1793; x_wconf 87' lang='lat' dir='ltr'><strong>occurrerem,</strong></span> <span class='ocrx_word' id='word_1_115' title='bbox 877 1737 1033 1784; x_wconf 89' lang='lat' dir='ltr'><strong>malui</strong></span> <span class='ocrx_word' id='word_1_116' title='bbox 1053 1736 1360 1784; x_wconf 89' lang='lat' dir='ltr'><strong>festinanter</strong></span> <span class='ocrx_word' id='word_1_117' title='bbox 1381 1737 1572 1801; x_wconf 91' lang='lat' dir='ltr'><strong>aliquid</strong></span> <span class='ocrx_word' id='word_1_118' title='bbox 1591 1737 1810 1784; x_wconf 91' lang='lat' dir='ltr'><strong>scribere</strong></span> 
     </span>
     <span class='ocr_line' id='line_1_20' title="bbox 302 1804 1811 1868; baseline 0.001 -19"><span class='ocrx_word' id='word_1_119' title='bbox 302 1820 454 1867; x_wconf 91' lang='lat' dir='ltr'><strong>quam</strong></span> <span class='ocrx_word' id='word_1_120' title='bbox 479 1804 771 1868; x_wconf 90' lang='lat' dir='ltr'><strong>religiosum</strong></span> <span class='ocrx_word' id='word_1_121' title='bbox 796 1812 944 1852; x_wconf 87' lang='lat' dir='ltr'><strong>tuum</strong></span> <span class='ocrx_word' id='word_1_122' title='bbox 968 1806 1278 1853; x_wconf 88' lang='lat' dir='ltr'><strong>desiderium</strong></span> <span class='ocrx_word' id='word_1_123' title='bbox 1300 1806 1582 1861; x_wconf 89' lang='lat' dir='ltr'><strong>retardare,</strong></span> <span class='ocrx_word' id='word_1_124' title='bbox 1606 1806 1811 1852; x_wconf 92' lang='lat' dir='ltr'><strong>domine</strong></span> 
     </span>
     <span class='ocr_line' id='line_1_21' title="bbox 303 1872 1633 1937; baseline 0.001 -19"><span class='ocrx_word' id='word_1_125' title='bbox 303 1875 487 1918; x_wconf 83' lang='lat' dir='ltr'><strong>eximie</strong></span> <span class='ocrx_word' id='word_1_126' title='bbox 515 1880 567 1919; x_wconf 88' lang='lat' dir='ltr'><strong>et</strong></span> <span class='ocrx_word' id='word_1_127' title='bbox 591 1877 775 1919; x_wconf 89' lang='lat' dir='ltr'><strong>merito</strong></span> <span class='ocrx_word' id='word_1_128' title='bbox 800 1877 1009 1937; x_wconf 91' lang='lat' dir='ltr'><strong>insignis</strong></span> <span class='ocrx_word' id='word_1_129' title='bbox 1035 1881 1192 1937; x_wconf 80' lang='lat' dir='ltr'><strong>atque</strong></span> <span class='ocrx_word' id='word_1_130' title='bbox 1216 1873 1522 1921; x_wconf 87' lang='lat' dir='ltr'><strong>honorabilis</strong></span> <span class='ocrx_word' id='word_1_131' title='bbox 1549 1872 1633 1920; x_wconf 86' lang='lat' dir='ltr'><strong>fili.</strong></span> 
     </span>
    </p>

    <p class='ocr_par' dir='ltr' id='par_1_6' title="bbox 254 1939 1811 2142">
     <span class='ocr_line' id='line_1_22' title="bbox 254 1939 1809 2005; baseline 0.001 -20"><span class='ocrx_word' id='word_1_132' title='bbox 254 1946 278 1984; x_wconf 89' lang='grc'>2</span> <span class='ocrx_word' id='word_1_133' title='bbox 374 1939 525 1998; x_wconf 77' lang='lat' dir='ltr'><strong>Quod</strong></span> <span class='ocrx_word' id='word_1_134' title='bbox 568 1957 689 2005; x_wconf 87' lang='lat' dir='ltr'><strong>ergo</strong></span> <span class='ocrx_word' id='word_1_135' title='bbox 731 1941 955 1988; x_wconf 88' lang='lat' dir='ltr'><strong>breviter</strong></span> <span class='ocrx_word' id='word_1_136' title='bbox 994 1959 1201 2005; x_wconf 90' lang='lat' dir='ltr'><strong>possum</strong></span> <span class='ocrx_word' id='word_1_137' title='bbox 1255 1943 1423 1990; x_wconf 88' lang='lat' dir='ltr'><strong>dicere</strong></span> <span class='ocrx_word' id='word_1_138' title='bbox 1449 1958 1460 1988; x_wconf 73' lang='grc' dir='ltr'>ε</span> <span class='ocrx_word' id='word_1_139' title='bbox 1517 1941 1683 2005; x_wconf 84' lang='lat' dir='ltr'><strong>Dilige</strong></span> <span class='ocrx_word' id='word_1_140' title='bbox 1727 1939 1809 1987; x_wconf 86' lang='lat' dir='ltr'><strong>do-</strong></span> 
     </span>
     <span class='ocr_line' id='line_1_23' title="bbox 301 2006 1810 2056; baseline 0.001 -3"><span class='ocrx_word' id='word_1_141' title='bbox 301 2006 473 2054; x_wconf 83' lang='lat' dir='ltr'><strong>minum</strong></span> <span class='ocrx_word' id='word_1_142' title='bbox 501 2008 635 2054; x_wconf 81' lang='lat' dir='ltr'><strong>deum</strong></span> <span class='ocrx_word' id='word_1_143' title='bbox 664 2015 790 2055; x_wconf 82' lang='lat' dir='ltr'><strong>tuum</strong></span> <span class='ocrx_word' id='word_1_144' title='bbox 818 2008 866 2055; x_wconf 82' lang='lat' dir='ltr'><strong>in</strong></span> <span class='ocrx_word' id='word_1_145' title='bbox 894 2016 985 2056; x_wconf 79' lang='lat' dir='ltr'><strong>toto</strong></span> <span class='ocrx_word' id='word_1_146' title='bbox 1010 2009 1145 2056; x_wconf 83' lang='lat' dir='ltr'><strong>corde</strong></span> <span class='ocrx_word' id='word_1_147' title='bbox 1173 2016 1249 2056; x_wconf 81' lang='lat' dir='ltr'><strong>tuo</strong></span> <span class='ocrx_word' id='word_1_148' title='bbox 1276 2016 1318 2056; x_wconf 81' lang='lat' dir='ltr'><strong>et</strong></span> <span class='ocrx_word' id='word_1_149' title='bbox 1344 2009 1392 2056; x_wconf 84' lang='lat' dir='ltr'><strong>in</strong></span> <span class='ocrx_word' id='word_1_150' title='bbox 1420 2015 1515 2056; x_wconf 80' lang='lat' dir='ltr'><strong>tota</strong></span> <span class='ocrx_word' id='word_1_151' title='bbox 1542 2009 1701 2056; x_wconf 83' lang='lat' dir='ltr'><strong>anima</strong></span> <span class='ocrx_word' id='word_1_152' title='bbox 1729 2014 1810 2054; x_wconf 82' lang='lat' dir='ltr'><strong>tua</strong></span> 
     </span>
     <span class='ocr_line' id='line_1_24' title="bbox 300 2075 1811 2142; baseline 0.001 -21"><span class='ocrx_word' id='word_1_153' title='bbox 300 2082 342 2121; x_wconf 81' lang='lat' dir='ltr'><strong>et</strong></span> <span class='ocrx_word' id='word_1_154' title='bbox 360 2075 407 2122; x_wconf 82' lang='lat' dir='ltr'><strong>in</strong></span> <span class='ocrx_word' id='word_1_155' title='bbox 427 2082 521 2122; x_wconf 76' lang='lat' dir='ltr'><strong>tota</strong></span> <span class='ocrx_word' id='word_1_156' title='bbox 540 2076 704 2123; x_wconf 79' lang='lat' dir='ltr'><strong>virtute</strong></span> <span class='ocrx_word' id='word_1_157' title='bbox 723 2084 820 2133; x_wconf 82' lang='lat' dir='ltr'><strong>tua,</strong></span> <span class='ocrx_word' id='word_1_158' title='bbox 841 2084 894 2124; x_wconf 88' lang='lat' dir='ltr'><strong>et</strong></span> <span class='ocrx_word' id='word_1_159' title='bbox 920 2094 929 2124; x_wconf 91' lang='lat'>:</span> <span class='ocrx_word' id='word_1_160' title='bbox 965 2077 1131 2142; x_wconf 81' lang='lat' dir='ltr'><strong>Dilige</strong></span> <span class='ocrx_word' id='word_1_161' title='bbox 1142 2077 1408 2142; x_wconf 75' lang='lat' dir='ltr'><strong>proximum</strong></span> <span class='ocrx_word' id='word_1_162' title='bbox 1427 2084 1554 2124; x_wconf 74' lang='lat' dir='ltr'><strong>tuum</strong></span> <span class='ocrx_word' id='word_1_163' title='bbox 1573 2083 1811 2142; x_wconf 81' lang='lat' dir='ltr'><strong>tamquam</strong></span> 
     </span>
    </p>
   </div>
   <div class='ocr_carea' id='block_1_6' title="bbox 296 2216 1810 2652">
    <p class='ocr_par' dir='ltr' id='par_1_7' title="bbox 296 2216 1810 2652">
     <span class='ocr_line' id='line_1_25' title="bbox 364 2216 1808 2270; baseline 0 -14"><span class='ocrx_word' id='word_1_164' title='bbox 364 2221 382 2239; x_wconf 79' lang='lat'>⁰</span> <span class='ocrx_word' id='word_1_165' title='bbox 413 2216 561 2257; x_wconf 88' lang='lat' dir='ltr'><strong>Count</strong></span> <span class='ocrx_word' id='word_1_166' title='bbox 585 2217 798 2259; x_wconf 87' lang='lat' dir='ltr'><strong>Boniface</strong></span> <span class='ocrx_word' id='word_1_167' title='bbox 820 2231 910 2259; x_wconf 84' lang='lat' dir='ltr'><strong>was</strong></span> <span class='ocrx_word' id='word_1_168' title='bbox 931 2232 1151 2270; x_wconf 86' lang='lat' dir='ltr'><strong>governor</strong></span> <span class='ocrx_word' id='word_1_169' title='bbox 1172 2219 1223 2259; x_wconf 91' lang='lat' dir='ltr'><strong>of</strong></span> <span class='ocrx_word' id='word_1_170' title='bbox 1240 2219 1395 2259; x_wconf 89' lang='lat' dir='ltr'><strong>Africa</strong></span> <span class='ocrx_word' id='word_1_171' title='bbox 1417 2217 1559 2259; x_wconf 92' lang='lat' dir='ltr'><strong>under</strong></span> <span class='ocrx_word' id='word_1_172' title='bbox 1581 2217 1808 2258; x_wconf 91' lang='lat' dir='ltr'><strong>Honorius</strong></span> 
     </span>
     <span class='ocr_line' id='line_1_26' title="bbox 303 2269 1809 2325; baseline 0.001 -16"><span class='ocrx_word' id='word_1_173' title='bbox 303 2270 392 2310; x_wconf 87' lang='lat' dir='ltr'><strong>and</strong></span> <span class='ocrx_word' id='word_1_174' title='bbox 419 2270 629 2312; x_wconf 89' lang='lat' dir='ltr'><strong>Placidia.</strong></span> <span class='ocrx_word' id='word_1_175' title='bbox 683 2272 898 2325; x_wconf 85' lang='lat' dir='ltr'><strong>Through</strong></span> <span class='ocrx_word' id='word_1_176' title='bbox 921 2273 996 2313; x_wconf 88' lang='lat' dir='ltr'><strong>the</strong></span> <span class='ocrx_word' id='word_1_177' title='bbox 1018 2273 1250 2325; x_wconf 88' lang='lat' dir='ltr'><strong>treachery</strong></span> <span class='ocrx_word' id='word_1_178' title='bbox 1273 2274 1324 2314; x_wconf 91' lang='lat' dir='ltr'><strong>of</strong></span> <span class='ocrx_word' id='word_1_179' title='bbox 1343 2273 1410 2314; x_wconf 92' lang='lat' dir='ltr'><strong>his</strong></span> <span class='ocrx_word' id='word_1_180' title='bbox 1433 2271 1674 2325; x_wconf 85' lang='lat' dir='ltr'><strong>perfidious</strong></span> <span class='ocrx_word' id='word_1_181' title='bbox 1698 2269 1809 2311; x_wconf 86' lang='lat' dir='ltr'><strong>rival</strong></span> 
     </span>
     <span class='ocr_line' id='line_1_27' title="bbox 303 2324 1808 2380; baseline 0.001 -16"><span class='ocrx_word' id='word_1_182' title='bbox 303 2325 474 2373; x_wconf 84' lang='lat' dir='ltr'><strong>Aetius,</strong></span> <span class='ocrx_word' id='word_1_183' title='bbox 502 2326 556 2366; x_wconf 90' lang='lat' dir='ltr'><strong>he</strong></span> <span class='ocrx_word' id='word_1_184' title='bbox 582 2339 671 2366; x_wconf 86' lang='lat' dir='ltr'><strong>was</strong></span> <span class='ocrx_word' id='word_1_185' title='bbox 697 2327 897 2379; x_wconf 85' lang='lat' dir='ltr'><strong>unjustly</strong></span> <span class='ocrx_word' id='word_1_186' title='bbox 921 2327 1154 2380; x_wconf 85' lang='lat' dir='ltr'><strong>disgraced</strong></span> <span class='ocrx_word' id='word_1_187' title='bbox 1181 2327 1270 2368; x_wconf 88' lang='lat' dir='ltr'><strong>and</strong></span> <span class='ocrx_word' id='word_1_188' title='bbox 1296 2326 1517 2380; x_wconf 89' lang='lat' dir='ltr'><strong>revenged</strong></span> <span class='ocrx_word' id='word_1_189' title='bbox 1543 2324 1725 2367; x_wconf 88' lang='lat' dir='ltr'><strong>himself</strong></span> <span class='ocrx_word' id='word_1_190' title='bbox 1744 2324 1808 2377; x_wconf 89' lang='lat' dir='ltr'><strong>by</strong></span> 
     </span>
     <span class='ocr_line' id='line_1_28' title="bbox 301 2379 1806 2435; baseline 0 -16"><span class='ocrx_word' id='word_1_191' title='bbox 301 2379 491 2432; x_wconf 83' lang='lat' dir='ltr'><strong>making</strong></span> <span class='ocrx_word' id='word_1_192' title='bbox 519 2379 706 2421; x_wconf 87' lang='lat' dir='ltr'><strong>alliance</strong></span> <span class='ocrx_word' id='word_1_193' title='bbox 735 2382 841 2422; x_wconf 85' lang='lat' dir='ltr'><strong>with</strong></span> <span class='ocrx_word' id='word_1_194' title='bbox 871 2381 1098 2430; x_wconf 88' lang='lat' dir='ltr'><strong>Genseric,</strong></span> <span class='ocrx_word' id='word_1_195' title='bbox 1128 2381 1242 2435; x_wconf 84' lang='lat' dir='ltr'><strong>king</strong></span> <span class='ocrx_word' id='word_1_196' title='bbox 1270 2383 1321 2422; x_wconf 91' lang='lat' dir='ltr'><strong>of</strong></span> <span class='ocrx_word' id='word_1_197' title='bbox 1344 2382 1420 2423; x_wconf 85' lang='lat' dir='ltr'><strong>the</strong></span> <span class='ocrx_word' id='word_1_198' title='bbox 1454 2380 1670 2428; x_wconf 85' lang='lat' dir='ltr'><strong>Vandals‚</strong></span> <span class='ocrx_word' id='word_1_199' title='bbox 1705 2379 1806 2419; x_wconf 86' lang='lat' dir='ltr'><strong>who</strong></span> 
     </span>
     <span class='ocr_line' id='line_1_29' title="bbox 300 2434 1810 2488; baseline 0.001 -15"><span class='ocrx_word' id='word_1_200' title='bbox 300 2438 346 2474; x_wconf 82' lang='lat' dir='ltr'><strong>at</strong></span> <span class='ocrx_word' id='word_1_201' title='bbox 376 2434 444 2474; x_wconf 90' lang='lat' dir='ltr'><strong>his</strong></span> <span class='ocrx_word' id='word_1_202' title='bbox 473 2437 706 2475; x_wconf 83' lang='lat' dir='ltr'><strong>invitation</strong></span> <span class='ocrx_word' id='word_1_203' title='bbox 737 2436 928 2477; x_wconf 85' lang='lat' dir='ltr'><strong>invaded</strong></span> <span class='ocrx_word' id='word_1_204' title='bbox 957 2437 1114 2477; x_wconf 86' lang='lat' dir='ltr'><strong>Africa</strong></span> <span class='ocrx_word' id='word_1_205' title='bbox 1142 2439 1186 2476; x_wconf 89' lang='lat' dir='ltr'><strong>in</strong></span> <span class='ocrx_word' id='word_1_206' title='bbox 1216 2439 1314 2477; x_wconf 72' lang='lat'>429.</span> <span class='ocrx_word' id='word_1_207' title='bbox 1374 2436 1469 2476; x_wconf 94' lang='lat' dir='ltr'><strong>The</strong></span> <span class='ocrx_word' id='word_1_208' title='bbox 1506 2434 1725 2488; x_wconf 85' lang='lat' dir='ltr'><strong>duplicity</strong></span> <span class='ocrx_word' id='word_1_209' title='bbox 1756 2434 1810 2474; x_wconf 89' lang='lat' dir='ltr'><strong>of</strong></span> 
     </span>
     <span class='ocr_line' id='line_1_30' title="bbox 299 2488 1802 2542; baseline 0.001 -15"><span class='ocrx_word' id='word_1_210' title='bbox 299 2489 456 2528; x_wconf 84' lang='lat' dir='ltr'><strong>Aetius</strong></span> <span class='ocrx_word' id='word_1_211' title='bbox 489 2488 624 2542; x_wconf 90' lang='lat' dir='ltr'><strong>being</strong></span> <span class='ocrx_word' id='word_1_212' title='bbox 654 2490 926 2538; x_wconf 87' lang='lat' dir='ltr'><strong>discovered,</strong></span> <span class='ocrx_word' id='word_1_213' title='bbox 962 2490 1174 2531; x_wconf 87' lang='lat' dir='ltr'><strong>Boniface</strong></span> <span class='ocrx_word' id='word_1_214' title='bbox 1205 2504 1295 2531; x_wconf 88' lang='lat' dir='ltr'><strong>was</strong></span> <span class='ocrx_word' id='word_1_215' title='bbox 1326 2489 1521 2531; x_wconf 87' lang='lat' dir='ltr'><strong>restored</strong></span> <span class='ocrx_word' id='word_1_216' title='bbox 1552 2494 1598 2530; x_wconf 91' lang='lat' dir='ltr'><strong>to</strong></span> <span class='ocrx_word' id='word_1_217' title='bbox 1628 2490 1802 2536; x_wconf 87' lang='lat' dir='ltr'><strong>favour,</strong></span> 
     </span>
     <span class='ocr_line' id='line_1_31' title="bbox 298 2541 1801 2596; baseline 0 -14"><span class='ocrx_word' id='word_1_218' title='bbox 298 2541 387 2582; x_wconf 91' lang='lat' dir='ltr'><strong>and</strong></span> <span class='ocrx_word' id='word_1_219' title='bbox 407 2547 472 2583; x_wconf 82' lang='lat' dir='ltr'><strong>set</strong></span> <span class='ocrx_word' id='word_1_220' title='bbox 491 2543 674 2584; x_wconf 88' lang='lat' dir='ltr'><strong>himself</strong></span> <span class='ocrx_word' id='word_1_221' title='bbox 686 2549 731 2584; x_wconf 88' lang='lat' dir='ltr'><strong>to</strong></span> <span class='ocrx_word' id='word_1_222' title='bbox 750 2558 918 2596; x_wconf 89' lang='lat' dir='ltr'><strong>oppose</strong></span> <span class='ocrx_word' id='word_1_223' title='bbox 935 2545 1011 2586; x_wconf 85' lang='lat' dir='ltr'><strong>the</strong></span> <span class='ocrx_word' id='word_1_224' title='bbox 1029 2544 1248 2586; x_wconf 86' lang='lat' dir='ltr'><strong>invaders.</strong></span> <span class='ocrx_word' id='word_1_225' title='bbox 1298 2545 1369 2585; x_wconf 90' lang='lat' dir='ltr'><strong>He</strong></span> <span class='ocrx_word' id='word_1_226' title='bbox 1387 2543 1548 2585; x_wconf 69' lang='lat' dir='ltr'><strong>retirezl</strong></span> <span class='ocrx_word' id='word_1_227' title='bbox 1566 2548 1612 2584; x_wconf 86' lang='lat' dir='ltr'><strong>to</strong></span> <span class='ocrx_word' id='word_1_228' title='bbox 1632 2543 1801 2595; x_wconf 88' lang='lat' dir='ltr'><strong>Hippo,</strong></span> 
     </span>
     <span class='ocr_line' id='line_1_32' title="bbox 296 2596 1801 2652; baseline 0.001 -16"><span class='ocrx_word' id='word_1_229' title='bbox 296 2596 441 2637; x_wconf 90' lang='lat' dir='ltr'><strong>which</strong></span> <span class='ocrx_word' id='word_1_230' title='bbox 464 2611 554 2638; x_wconf 85' lang='lat' dir='ltr'><strong>was</strong></span> <span class='ocrx_word' id='word_1_231' title='bbox 577 2598 784 2651; x_wconf 88' lang='lat' dir='ltr'><strong>besieged</strong></span> <span class='ocrx_word' id='word_1_232' title='bbox 807 2600 876 2640; x_wconf 88' lang='lat' dir='ltr'><strong>for</strong></span> <span class='ocrx_word' id='word_1_233' title='bbox 896 2600 1099 2641; x_wconf 87' lang='lat' dir='ltr'><strong>fourteen</strong></span> <span class='ocrx_word' id='word_1_234' title='bbox 1123 2599 1317 2648; x_wconf 85' lang='lat' dir='ltr'><strong>months,</strong></span> <span class='ocrx_word' id='word_1_235' title='bbox 1340 2599 1505 2652; x_wconf 87' lang='lat' dir='ltr'><strong>during</strong></span> <span class='ocrx_word' id='word_1_236' title='bbox 1526 2597 1671 2639; x_wconf 87' lang='lat' dir='ltr'><strong>which</strong></span> <span class='ocrx_word' id='word_1_237' title='bbox 1692 2598 1801 2638; x_wconf 89' lang='lat' dir='ltr'><strong>time</strong></span> 
     </span>
    </p>
   </div>
   <div class='ocr_carea' id='block_1_7' title="bbox 311 2668 406 2709">
    <p class='ocr_par' dir='ltr' id='par_1_8' title="bbox 311 2668 406 2709">
     <span class='ocr_line' id='line_1_33' title="bbox 311 2668 406 2709; baseline 0.021 -2"><span class='ocrx_word' id='word_1_238' title='bbox 311 2668 406 2709; x_wconf 74' lang='lat'><strong>322</strong></span> 
     </span>
    </p>
   </div>
  </div>
 </body>
</html>
