1866 2964
726 169 817 216 ST.
857 170 1266 217 AUGUSTINE

241 302 449 364 quidem
472 301 707 348 benivolo
733 318 793 348 ea
815 308 993 348 tamen
1016 302 1181 348 dicam
1204 303 1338 349 bona
1361 310 1470 359 tua,
1494 303 1627 350 dona
1650 303 1752 359 dei,

241 384 305 430 de
347 384 529 446 quibus
570 386 622 429 in
661 390 716 430 te
756 390 925 430 certus
967 401 1093 430 sum.
1165 384 1316 444 Quod
1354 402 1457 432 non
1495 385 1611 433 ideo
1651 402 1753 432 non

237 464 384 521 facio,
416 482 481 512 ne
512 464 658 511 fallar
687 468 740 511 in
772 468 861 521 eis,
893 466 983 512 sed
1014 483 1078 512 ne
1110 473 1168 513 tu
1201 484 1229 513 a
1259 483 1342 512 me
1372 466 1611 514 laudatus
1642 470 1751 530 ipse

235 554 288 593 te
308 546 542 594 laudasse
562 548 778 594 videaris
799 555 852 594 et
870 555 1081 610 propter
1099 547 1237 594 illam
1256 551 1483 596 iustitiae
1501 548 1752 613 regulam,

236 632 355 692 quia
383 629 507 675 mihi
538 629 646 675 fieri
675 628 806 676 nolo.
879 629 1030 688 Quod
1059 633 1100 676 si
1131 630 1239 677 fieri
1269 631 1445 687 debet,
1476 630 1609 694 eligo
1640 647 1751 677 esse

236 711 454 767 debitm,
502 729 656 774 quam
703 712 790 758 diu
836 719 963 774 puto
1010 729 1112 759 non
1160 729 1270 759 esse
1316 711 1646 768 faciendum;
1710 715 1751 758 si

236 800 410 840 autem
437 793 545 840 fieri
569 811 671 840 non
695 794 871 850 debet,
897 810 991 840 nec
1016 794 1219 841 debitor
1244 812 1371 841 sum.

188 883 213 920 5
307 875 408 923 Sed
446 879 579 932 novi,
618 876 740 939 quid
778 875 901 922 mihi
941 877 1005 923 ad
1043 875 1169 923 haec
1206 878 1515 940 respondere
1553 879 1749 940 possis:

238 957 374 1004 “Ita
412 961 509 1005 ista
547 957 786 1021 loqueris,
825 963 969 1021 quasi
1006 958 1256 1021 prolixam
1295 959 1567 1022 epistulam
1603 966 1748 1005 tuam

237 1040 302 1086 de
333 1039 567 1087 laudibus
598 1043 724 1087 meis
755 1040 1203 1088 desideraverim.'’
1273 1042 1425 1088 Absit
1461 1049 1520 1089 ut
1555 1041 1650 1088 1100
1683 1042 1748 1088 de

234 1129 288 1168 te
318 1122 523 1169 credam
548 1138 559 1177 ;
606 1123 697 1169 sed
726 1122 946 1185 epistula
974 1130 1065 1169 tua
1093 1122 1208 1169 nolo
1237 1124 1406 1170 dicere
1436 1140 1590 1188 quam
1618 1127 1747 1170 veris

235 1203 314 1250 vel
348 1220 501 1266 quam
536 1222 636 1251 non
669 1207 798 1251 veris
831 1204 985 1267 plena
1017 1212 1194 1252 tamen
1226 1204 1460 1252 laudibus
1493 1209 1620 1252 meis
1653 1205 1748 1252 hoc

234 1286 297 1332 de
337 1303 419 1332 me
459 1293 517 1333 ut
555 1287 894 1349 rependerem
936 1290 1093 1333 etiam
1134 1294 1188 1334 te
1229 1287 1437 1334 nolente
1477 1287 1746 1352 flagitavit.

235 1369 367 1415 Nam
400 1372 440 1415 si
474 1369 596 1432 quid
630 1368 767 1416 aliud
799 1368 1003 1416 volebas
1037 1377 1095 1416 ut
1127 1370 1419 1426 scriberem,
1451 1369 1748 1434 largitorem

233 1468 316 1497 me
367 1451 713 1507 desiderabas,
763 1468 865 1497 non
914 1452 1243 1499 redditorem.
1315 1452 1469 1499 Porro
1518 1455 1747 1499 iustitiae

233 1534 355 1580 ordo
400 1537 469 1579 sic
513 1532 690 1589 habet,
735 1541 793 1580 ut
838 1534 1071 1580 debitum
1115 1537 1252 1597 prius
1297 1535 1590 1591 reddamus,
1634 1542 1747 1581 tum

232 1615 437 1671 deinde,
477 1619 556 1662 cui
592 1615 869 1671 reddimus,
907 1618 947 1661 si
984 1614 1078 1662 hoc
1114 1615 1302 1679 placet,
1340 1615 1531 1680 aliquid
1573 1623 1626 1663 et
1662 1617 1749 1664 do-

232 1714 442 1744 nemus:
481 1714 793 1760 quamquam
825 1701 979 1744 etiam
1007 1697 1131 1744 talia
1164 1697 1333 1762 qualia
1363 1699 1665 1746 desiderasti
1690 1705 1749 1745 ut

231 1780 522 1836 scriberem,
571 1782 608 1826 si
654 1779 947 1843 diligentius
994 1787 1272 1843 praecepta
1318 1781 1570 1828 dominica
1615 1783 1749 1845 cogi-

230 1869 417 1917 temus,
453 1862 712 1909 reddimus
754 1865 923 1924 potius
973 1879 1126 1926 quam
1173 1863 1438 1919 donamus,
1475 1866 1515 1909 si
1556 1866 1748 1910 nemini

234 1947 507 2007 quicquam
541 1944 835 1991 debendum
865 1951 960 2000 est,
988 1947 1079 1990 nisi
1117 1952 1174 1991 ut
1207 1948 1424 1991 invicem
1457 1945 1743 2009 diligamus.

234 2026 350 2088 Ipsa
398 2029 587 2089 quippe
631 2025 836 2072 dilectio
881 2029 1042 2090 exigit
1089 2027 1340 2082 debitum,
1383 2034 1441 2074 ut
1486 2026 1745 2074 fraternae

234 2111 435 2154 caritati
478 2110 757 2154 servientes
796 2125 913 2154 eum
963 2111 1049 2171 qui
1085 2125 1139 2155 se
1177 2109 1403 2155 adiuvari
1437 2116 1578 2156 recte
1604 2108 1744 2165 velit,

236 2193 287 2236 in
318 2207 418 2253 quo
448 2207 733 2252 possumus,
764 2190 1077 2237 adiuvemus.
1148 2189 1266 2247 Sed,
1296 2194 1365 2236 mi
1395 2189 1572 2247 frater,
1603 2198 1656 2238 et
1686 2198 1743 2238 tu

235 2273 386 2319 credo
427 2272 564 2335 quod
613 2276 811 2318 noveris
853 2280 1046 2336 quanta
1086 2275 1188 2319 sint
1234 2276 1285 2318 in
1324 2274 1558 2320 manibus
1597 2276 1742 2329 meis,

232 2354 414 2417 quibus
450 2354 689 2401 adversus
723 2371 867 2401 curas
902 2371 1026 2418 quas
1053 2361 1258 2401 nostrae
1284 2358 1543 2402 servitutis
1569 2371 1743 2402 neces-

687 2501 705 2519 ⁰
736 2495 829 2535 The
852 2501 878 2516 ‘⁶
895 2495 1070 2536 Golden
1095 2495 1254 2536 Rule.''

395 2549 409 2574 ὸ
442 2550 563 2590 John
588 2551 676 2592 xiii.
703 2553 772 2598 34,
797 2564 866 2591 xv.
898 2553 962 2599 12,
992 2553 1040 2591 17
1062 2567 1073 2599 ς
1118 2550 1248 2592 Rom.
1272 2551 1345 2592 xii.
1376 2553 1442 2599 10,
1466 2555 1549 2594 etc.

231 2622 327 2663 204
