1866 2964
778 210 868 258 ST.
907 209 1315 257 AUGUSTINE

291 363 487 392 memor
534 347 637 391 mei
685 360 892 407 meque,
941 350 1000 390 ut
1050 342 1197 399 soles,
1247 342 1429 407 diligas
1477 359 1801 407 magnaeque

290 420 623 485 gratulationi
646 420 742 466 tibi
766 423 849 474 sit,
875 418 1117 482 quicquid
1139 421 1192 464 in
1215 434 1299 464 me
1325 418 1573 465 donorum
1596 434 1801 465 suorum

291 497 524 542 dominus
553 493 783 542 conferre
813 494 1053 557 dignatus
1084 499 1163 540 est
1190 493 1535 540 misericordia
1563 510 1672 549 sua,
1699 508 1802 539 non

291 574 485 617 meritis
515 573 660 625 meis,
688 573 866 616 missas
897 584 1109 615 munere
1140 575 1262 614 tuae
1294 571 1581 615 sanctitatis
1613 570 1801 630 accepi.

292 647 353 693 In
395 647 578 710 quibus
621 644 861 692 affectum
901 648 954 691 in
991 661 1074 690 me
1110 651 1385 707 paternum
1420 651 1511 690 tuo
1546 645 1804 708 benignis-

293 725 419 768 simo
464 721 614 768 corde
659 738 762 767 non
804 723 1133 782 repentinum
1178 725 1232 765 et
1274 736 1463 766 novum
1505 717 1669 775 hausi,
1712 718 1804 766 sed

235 803 237 806 '
295 804 568 859 expertum
585 796 736 859 plane
755 798 1121 859 cognitumque
1139 797 1375 857 repetivi,
1393 794 1597 841 domine
1614 795 1804 841 beatis-

292 875 417 918 sime
460 879 513 919 et
553 870 915 918 venerabiliter
954 873 1291 917 sincerissima
1329 872 1545 916 caritate
1585 867 1805 932 amplec-

295 948 469 994 tende.

243 1029 268 1068 2
359 1022 511 1069 Unde
553 1029 728 1068 autem
768 1027 918 1067 tanta
959 1026 1138 1066 exorta
1179 1026 1260 1065 est
1299 1017 1516 1065 felicitas
1555 1018 1807 1065 litterario

292 1097 453 1144 labori
485 1104 658 1143 nostro
698 1113 798 1159 quo
830 1099 883 1141 in
922 1095 1166 1142 librorum
1200 1094 1520 1158 quorundam
1555 1096 1804 1156 conscrip-

292 1176 433 1219 tione
459 1173 769 1227 sudavimus,
794 1178 853 1218 ut
879 1188 908 1216 a
932 1178 1023 1217 tua
1049 1171 1347 1234 dignatione
1371 1169 1686 1233 legerentur,
1709 1172 1805 1216 nisi

295 1252 413 1311 quia
446 1249 698 1303 dominus,
730 1250 810 1293 cui
842 1247 1049 1293 subdita
1081 1252 1159 1292 est
1193 1248 1362 1291 anima
1392 1261 1527 1301 mea,
1559 1243 1807 1291 consolari

295 1323 452 1370 voluit
487 1339 631 1369 curas
666 1339 807 1368 meas
844 1329 897 1368 et
934 1338 963 1367 a
996 1324 1179 1368 timore
1214 1337 1464 1376 recreare,
1501 1337 1601 1383 quo
1635 1337 1718 1366 me
1753 1323 1804 1366 in

293 1399 481 1446 talibus
517 1399 754 1461 operibus
790 1414 998 1444 necesse
1036 1403 1115 1443 est
1151 1412 1261 1442 esse
1297 1394 1586 1452 sollicitum,
1620 1396 1801 1442 necubi

295 1473 429 1520 forte
466 1474 716 1520 indoctior
752 1472 833 1518 vel
869 1475 1119 1518 incautior
1157 1473 1387 1534 quamvis
1423 1474 1476 1516 in
1512 1469 1808 1533 planissimo

296 1568 476 1613 campo
513 1553 744 1596 veritatis
782 1548 1078 1595 offendam?
1148 1547 1277 1594 Cum
1315 1550 1451 1593 enim
1487 1548 1582 1593 tibi
1617 1546 1807 1610 placet,

297 1626 435 1689 quod
465 1626 646 1680 scribo,
678 1627 795 1670 novi
827 1627 907 1670 cui
947 1622 1168 1686 placeat,
1210 1625 1452 1685 quoniam
1495 1625 1606 1685 quis
1650 1628 1704 1669 te
1735 1625 1810 1668 in-

296 1701 499 1748 habitet
521 1704 651 1747 novi.
723 1700 869 1747 Idem
892 1702 1082 1763 quippe
1116 1701 1343 1745 omnium
1375 1714 1647 1744 munerum
1668 1701 1811 1761 spiri-

297 1776 477 1823 talium
498 1776 798 1823 distributor
817 1782 973 1837 atque
993 1773 1204 1838 largitor
1222 1789 1314 1836 per
1332 1780 1477 1819 tuam
1496 1776 1809 1820 sententiam

299 1851 617 1898 confirmavit
671 1850 1053 1896 oboedientiam
1105 1864 1291 1895 meam.
1362 1847 1618 1911 Quicquid
1671 1850 1808 1894 enim

298 1925 494 1972 habent
524 1925 609 1971 illa
638 1928 827 1987 scripta
857 1923 1201 1971 delectatione
1231 1929 1324 1969 tua
1353 1922 1584 1986 dignum,
1612 1925 1665 1968 in
1693 1939 1810 1970 meo

299 2006 581 2049 ministerio
611 2001 728 2048 dixit
759 2000 907 2048 deus:
956 1999 982 2016 “
1006 1997 1170 2056 Fiat,”
1200 2005 1243 2046 et
1257 1996 1451 2062 factum
1487 2005 1588 2055 est3
1635 2001 1688 2045 in
1716 2005 1808 2046 tua

301 2096 419 2125 vero
445 2079 814 2141 approbatione
838 2076 952 2123 vidit
974 2075 1104 2132 deus,
1129 2074 1242 2140 quia
1266 2073 1431 2122 bonum
1454 2081 1536 2122 est.

251 2161 275 2200 3
365 2152 792 2212 Quaestiunculas
829 2168 950 2198 sane
980 2168 1105 2214 quas
1141 2149 1265 2196 mihi
1303 2149 1596 2197 enodandas
1632 2150 1812 2196 iubere

300 2231 542 2293 dignatus
583 2245 653 2284 es,
694 2231 788 2274 etsi
828 2244 945 2274 mea
983 2227 1231 2273 tarditate
1270 2224 1559 2288 implicatus
1598 2241 1701 2271 non
1737 2228 1812 2271 in-

301 2304 621 2368 tellegerem9
653 2306 754 2349 tuis
786 2305 981 2348 meritis
1015 2302 1219 2348 adiutus
1253 2303 1520 2363 aperirem.
1587 2299 1811 2346 Tantum

300 2379 424 2426 illud
454 2395 644 2442 quaeso
678 2384 736 2424 ut
759 2394 850 2440 pro
883 2377 1181 2422 infirmitate
1206 2391 1324 2422 mea
1347 2375 1635 2438 depreceris
1659 2374 1814 2422 deum

302 2463 355 2502 et
374 2459 477 2502 sive
497 2459 548 2500 in
567 2453 643 2501 his
664 2454 846 2517 quibus
871 2469 954 2499 me
975 2468 1214 2499 exercere
1238 2452 1461 2515 benigne
1485 2458 1809 2515 paterneque

894 2585 913 2603 ⁰
946 2578 1058 2620 Gen.
1084 2580 1109 2620 i.
1134 2581 1222 2620 3-4.

318 2653 410 2695 102
