1850 2964
721 161 812 208 ST.
850 159 1257 208 AUGUSTINE

235 296 473 352 lexerint,
492 301 636 342 orate
661 311 753 357 pro
779 310 879 340 me.
949 292 1061 339 Hoc
1089 295 1159 339 eis
1185 307 1269 338 me
1293 293 1534 354 petivisse
1557 290 1743 347 indica,

237 372 345 420 aut,
389 367 430 411 si
481 363 702 410 multum
746 363 890 409 nobis
943 362 1185 416 tribuitiS,
1227 363 1430 406 iussisse
1477 376 1568 406 nos
1612 362 1743 406 exis-

234 436 418 480 timate
444 432 582 495 quod
604 434 859 494 petimus3
898 437 951 476 et
975 437 1153 476 tamen
1182 429 1303 476 date
1332 429 1632 491 petentibus
1661 426 1743 474 vel

236 502 595 564 obtemperate
641 500 968 546 iubentibus:
1030 504 1173 544 orate
1221 513 1312 560 pro
1359 497 1519 543 nobis.
1598 495 1740 560 Lege

232 569 432 616 litteras
457 569 540 616 dei
565 575 619 614 et
641 570 869 614 invenies
892 569 1027 629 ipsos
1053 569 1238 612 arietes
1263 571 1461 611 nostros
1486 563 1741 627 apostolos

234 640 425 700 petisse
459 636 554 683 hoc
588 653 619 682 a
651 635 762 682 filiis
796 638 897 681 suis
932 638 1036 680 sive
1069 636 1390 697 praecepisse
1425 633 1741 680 auditoribus

235 709 352 752 suis.
422 705 534 769 Ego
567 710 725 760 certe,
759 706 999 766 quoniam
1030 701 1126 749 hoc
1160 718 1189 748 a
1219 717 1303 747 me
1335 703 1514 764 petisti
1544 717 1636 763 pro
1667 707 1741 757 te,

233 780 485 837 quantum
531 772 733 828 faciam,
775 772 917 818 videt
964 773 1051 834 qui
1095 770 1356 826 exaudiat,
1397 771 1486 832 qui
1530 769 1742 816 videbat

233 845 353 905 quia
386 849 440 888 et
473 848 595 888 ante
627 840 916 895 faciebam3
968 839 1060 886 sed
1090 839 1249 886 redde
1284 841 1442 885 etiam
1472 840 1527 883 in
1556 835 1653 883 hac
1683 853 1740 884 re
1795 892 1809 903 ⁶

232 909 516 957 dilectionis
565 912 742 956 vicem.
836 907 1120 970 Praepositi
1168 909 1325 953 vestri
1373 922 1564 961 sumus,
1612 922 1740 969 grex

232 979 315 1025 dei
366 981 523 1034 estis3
591 976 912 1024 considerate
965 983 1018 1022 et
1067 975 1240 1022 videte
1291 973 1517 1038 pericula
1565 980 1741 1020 nostra

229 1050 423 1093 maiora
465 1062 575 1093 esse
618 1062 773 1109 quam
815 1051 1000 1100 vestra,
1039 1050 1094 1090 et
1128 1050 1272 1090 orate
1306 1060 1398 1105 pro
1433 1041 1740 1089 nobis—hoc

232 1118 368 1161 enim
397 1121 451 1161 et
476 1115 620 1161 nobis
649 1113 887 1160 conducit
907 1119 961 1159 et
988 1113 1254 1158 vobis—ut
1280 1112 1469 1158 bonam
1486 1113 1739 1157 rationem

230 1184 294 1230 de
339 1184 480 1230 vobis
524 1182 799 1229 reddamus
844 1188 1109 1244 pastorum
1152 1182 1369 1242 principi
1413 1186 1468 1226 et
1512 1181 1739 1225 omnium

231 1258 461 1298 nostrum
505 1254 662 1314 capiti
704 1253 1001 1313 pariterque
1047 1249 1322 1295 evadamus
1366 1246 1515 1294 huius
1559 1247 1738 1294 mundi

229 1319 611 1382 periculosiores
652 1318 928 1365 blanditias
971 1333 1126 1381 quam
1166 1316 1445 1372 molestias,
1486 1317 1582 1362 nisi
1623 1332 1739 1362 cum

228 1405 330 1451 pax
368 1391 475 1435 eius
513 1388 579 1434 ad
618 1385 714 1434 hoc
754 1386 955 1449 proficit
998 1386 1137 1449 quod
1173 1383 1430 1447 apostolus
1467 1399 1611 1430 orare
1647 1400 1738 1430 nos

229 1459 447 1512 monuit,
474 1456 528 1503 id
557 1462 636 1503 est
663 1462 713 1502 ut
740 1454 942 1520 quietam
970 1454 1112 1500 vitam
1140 1460 1182 1499 et
1209 1452 1512 1517 tranquillam
1541 1469 1739 1516 agamus

228 1524 277 1571 in
313 1524 437 1571 omni
466 1524 640 1589 pietate
674 1530 716 1570 et
751 1523 958 1570 caritate.
1052 1521 1102 1569 Si
1140 1525 1276 1568 enim
1312 1522 1446 1568 desit
1479 1523 1647 1584 pietas
1684 1527 1739 1567 et

228 1596 431 1648 caritas,
472 1593 595 1656 quid
635 1600 714 1639 est
754 1592 818 1638 ab
857 1590 952 1637 illis
993 1598 1047 1637 et
1087 1607 1115 1636 a
1154 1593 1338 1636 ceteris
1376 1589 1556 1636 mundi
1592 1587 1738 1636 malis

226 1660 569 1724 tranquillitas
615 1667 668 1707 et
717 1663 878 1723 quies,
921 1662 1016 1705 nisi
1063 1658 1294 1705 luxuriae
1334 1657 1738 1721 perditionisque

226 1732 469 1776 materies
540 1732 644 1775 sive
708 1731 1106 1775 invitamentum
1169 1730 1274 1774 sive
1339 1725 1736 1773 adjumentum?

229 1797 303 1844 Ut
347 1814 468 1861 ergo
509 1796 791 1844 habeamus
834 1795 1036 1861 quietam
1078 1801 1120 1842 et
1161 1793 1465 1859 tranquillam
1506 1793 1647 1840 vitam
1688 1792 1737 1840 in

227 1865 350 1912 omni
372 1865 546 1930 pietate
574 1872 616 1912 et
643 1864 853 1920 caritate,
883 1864 1020 1928 quod
1049 1880 1135 1910 oro
1164 1880 1255 1926 pro
1284 1863 1443 1918 vobis,
1472 1869 1616 1908 orate
1644 1877 1736 1925 pro

226 1935 388 1990 nobis,
410 1935 719 1997 ubicumque
744 1936 883 1988 estis,
905 1933 1214 1995 ubicumque
1237 1947 1409 1978 sumus
1433 1946 1445 1987 ;
1484 1947 1737 1994 nusquam

227 2005 363 2049 enim
387 2019 490 2049 non
515 2009 610 2058 est,
635 2005 776 2049 cuius
801 2018 989 2048 sumus.

286 2180 304 2198 ‘²
340 2178 358 2215 1
400 2174 492 2216 Pet.
527 2188 567 2215 v.
601 2177 658 2221 ἃς
703 2174 826 2215 Hier.
863 2176 952 2214 xiii.
991 2176 1055 2214 17.
1123 2173 1218 2213 The
1248 2187 1344 2212 ram
1376 2174 1411 2213 is
1442 2171 1552 2213 used
1584 2172 1635 2212 of
1660 2171 1736 2212 the

228 2229 419 2281 apostles
449 2229 639 2270 because
669 2229 776 2281 they
805 2243 880 2269 are
909 2227 1078 2268 leaders
1105 2229 1156 2268 of
1180 2227 1255 2268 the
1284 2226 1403 2267 flock
1433 2225 1650 2279 (Cassiod.
1679 2225 1735 2267 In

232 2283 307 2324 Ps.
344 2287 413 2325 28.
456 2287 472 2324 1
514 2285 717 2324 “arietes
751 2283 939 2335 apostoli
974 2281 1221 2334 accipiendi
1255 2286 1372 2329 sunt,
1408 2283 1486 2334 qui
1516 2285 1734 2334 tanquam

228 2337 362 2379 duces
407 2352 597 2391 gregum
643 2340 688 2379 in
738 2338 889 2378 caulas
937 2338 1116 2378 Domini
1165 2336 1468 2389 perduxerunt
1514 2335 1733 2388 populum

228 2393 530 2433 Christianum
552 2393 613 2444 ⁹³),
653 2392 743 2433 and
782 2406 830 2433 so
863 2391 1160 2443 occasionally
1199 2393 1243 2431 in
1284 2392 1536 2444 Augustine
1574 2390 1732 2442 (Serm.

232 2451 323 2488 135.
361 2450 401 2495 7,
441 2451 538 2488 311.
580 2450 638 2494 2³
687 2447 741 2488 Iu
779 2447 855 2488 Ps.
897 2450 965 2488 64.
1011 2449 1075 2494 18,
1115 2446 1232 2496 etc.)‚
1271 2445 1368 2493 but,
1407 2458 1455 2486 as
1494 2444 1733 2498 suggested

226 2502 288 2554 by
313 2502 388 2543 the
413 2501 609 2543 sacrifice
635 2501 802 2543 offered
828 2502 891 2553 by
919 2501 1166 2548 Abraham,
1192 2500 1268 2540 the
1297 2514 1394 2540 ram
1419 2501 1454 2540 is
1478 2499 1734 2552 frequently

225 2556 462 2609 employed
487 2570 536 2597 as
561 2570 589 2598 a
611 2556 755 2610 figure
780 2557 830 2598 of
847 2556 994 2598 Christ
1014 2555 1134 2608 (Civ.
1157 2555 1255 2602 Dei,
1276 2557 1362 2596 xvi.
1390 2557 1444 2596 32
1473 2554 1498 2571 “
1519 2556 1619 2608 quis
1639 2558 1735 2595 erat

229 2620 325 2669 460
