1866 2964
758 184 848 231 ST.
887 184 1295 231 AL‘GUSTINE

272 333 373 379 pax
428 319 708 380 quaeritur,
763 323 821 362 ut
873 315 1066 363 bellum
1121 320 1391 372 excitetur,
1445 317 1537 363 sed
1588 315 1779 363 bellum

271 388 484 448 geritur,
504 391 561 431 ut
578 401 679 447 pax
700 385 1011 448 adquiratur.
1082 385 1207 431 Esto
1227 401 1348 448 ergo
1368 387 1524 431 etiam
1542 383 1779 431 bellando

271 453 527 515 pacificus,
556 460 614 499 ut
644 469 746 508 eos,
776 470 901 516 quos
931 469 1213 516 expugnas,
1243 453 1303 499 ad
1334 455 1471 515 pacis
1500 451 1779 498 utilitatem

273 521 519 568 vincendo
545 522 792 583 perducas
817 537 829 576 3
875 519 993 567 beati
1020 524 1154 567 enim
1185 519 1393 584 pamflcz',
1420 523 1491 566 ait
1528 516 1778 575 dominus,

272 588 491 652 quoniam
548 588 640 652 ipsi
680 588 784 652 filii
840 587 914 635 dei
970 587 1266 635 vocabuntur.
1337 587 1387 634 Si
1446 595 1621 634 autem
1676 604 1778 650 pax

272 656 495 703 humana
510 663 618 703 tam
634 656 790 704 dulcis
808 664 885 703 est
900 673 991 719 pro
1007 656 1275 719 temporali
1291 655 1455 703 salute
1470 654 1779 711 mortalium,

271 732 464 788 quanto
510 732 587 771 est
631 724 822 772 dulcior
870 741 972 788 pax
1015 725 1184 771 divina
1225 741 1316 787 pro
1361 731 1573 770 aeterna
1615 723 1779 770 salute

273 792 603 856 angelorum!
676 792 859 856 Itaque
901 792 1102 839 hostem
1142 799 1463 856 pugnantem
1502 794 1779 838 necessitas

270 864 508 923 perimat,
534 878 636 907 non
661 860 910 907 voluntas.
981 859 1121 907 Sicut
1145 860 1415 907 rebellanti
1443 867 1496 906 et
1520 862 1780 906 resistenti

273 928 513 975 violentia
552 929 801 984 redditur,
840 932 915 975 ita
954 931 1087 975 victo
1127 928 1208 975 vel
1247 935 1398 991 capto
1438 927 1781 974 misericordia

272 1000 374 1043 iam
408 997 644 1053 debetur,
678 1000 901 1043 maxime
935 1000 987 1042 in
1021 1013 1121 1060 quo
1155 999 1291 1059 pacis
1324 997 1645 1059 perturbatio
1677 1012 1780 1042 non

271 1068 499 1112 timetur.

223 1140 246 1177 7
337 1132 502 1180 Ornet
562 1149 728 1179 mores
791 1139 906 1179 tuos
967 1133 1214 1195 pudicitia
1275 1131 1569 1195 coniugalis,
1632 1137 1780 1178 ornet

272 1201 519 1248 sobrietas
561 1208 614 1247 et
653 1199 955 1264 frugalitas3
1013 1200 1159 1247 valde
1202 1204 1337 1246 enim
1376 1207 1527 1262 turpe
1568 1206 1664 1255 est,
1703 1206 1779 1255 ut,

273 1286 425 1332 quem
447 1286 549 1315 non
570 1272 725 1316 vincit
747 1268 915 1325 homo,
936 1272 1106 1315 vincat
1127 1268 1282 1315 libido
1306 1275 1359 1315 et
1381 1269 1626 1314 obruatur
1647 1270 1779 1323 vino,

272 1340 358 1400 qui
382 1354 484 1384 non
506 1340 722 1383 vincitur
742 1335 890 1384 ferro.
962 1337 1187 1383 Divitiae
1209 1335 1492 1383 saeculares
1513 1339 1553 1382 si
1575 1335 1779 1391 desunt,

272 1422 373 1451 non
398 1422 490 1468 per
514 1404 648 1451 mala
674 1422 829 1468 opera
855 1412 1167 1468 quaerant-ur
1191 1408 1243 1450 in
1267 1405 1458 1451 mundo
1482 1420 1494 1460 ;
1538 1407 1578 1450 si
1605 1410 1800 1450 autem·

274 1473 477 1529 adsunt,
500 1490 592 1536 per
613 1474 748 1520 bona
770 1490 925 1536 opera
948 1480 1215 1520 serventur
1236 1475 1288 1519 in
1310 1471 1466 1518 caelo.
1536 1472 1780 1518 Animum

273 1541 466 1588 virilem
518 1549 571 1588 et
621 1540 965 1588 Christianum
1015 1558 1108 1588 nec
1158 1541 1370 1596 debent,
1419 1543 1460 1587 si
1510 1540 1778 1595 accedunt,

273 1609 519 1656 extollere
561 1626 655 1656 nec
698 1610 892 1656 debent
930 1608 1185 1673 frangere,
1228 1612 1268 1655 si
1309 1609 1572 1655 recedunt.
1644 1606 1777 1654 Illu'd

271 1680 439 1740 potius
460 1681 760 1741 cogitemus,
781 1678 918 1741 quod
937 1678 1168 1724 dominus
1190 1680 1261 1723 ait
1286 1694 1296 1723 ε
1342 1675 1432 1723 Ubi
1450 1683 1517 1723 est
1535 1675 1780 1722 thesaurus

272 1752 393 1801 tuus,
420 1745 517 1793 illic
543 1745 627 1792 erit
653 1752 694 1792 et
719 1762 797 1792 cor
823 1752 966 1801 tuum,
996 1752 1049 1792 et
1075 1748 1273 1808 utique,
1300 1761 1416 1791 cum
1451 1744 1682 1791 audimus
1720 1750 1778 1790 ut

271 1830 355 1860 cor
396 1830 592 1860 sursum
633 1812 930 1869 habeamus,
972 1831 1073 1860 non
1112 1813 1429 1860 mendaciter
1468 1811 1777 1874 respondere

272 1882 536 1938 debemus,
562 1882 699 1945 quod
723 1885 856 1928 nosti
882 1884 1000 1945 quia
1023 1882 1404 1944 respondemus.

222 1956 246 1994 8
336 1950 405 1996 Et
434 1953 485 1996 in
515 1949 590 1996 his
622 1950 829 2013 quidem
859 1951 992 1996 bene
1023 1949 1307 1996 studiosum
1336 1956 1390 1995 te
1422 1964 1531 1995 esse
1562 1950 1774 2011 cognovi

272 2024 326 2064 et
370 2016 507 2064 fama
551 2025 642 2065 tua
685 2017 905 2065 multum
950 2017 1177 2065 delector
1219 2016 1543 2079 multumque
1587 2016 1681 2063 tibi
1725 2018 1777 2062 in

334 2191 353 2210 ⁰
387 2187 520 2228 Man.
541 2201 583 2227 v.
606 2189 649 2229 9.
1000 2185 1017 2211 ⁶
1051 2187 1183 2227 Matt.
1206 2187 1264 2227 vi.
1285 2188 1368 2233 213
1401 2184 1532 2226 Luke
1551 2186 1624 2225 xii.
1647 2187 1717 2226 34.

341 2246 356 2265 ⁰
385 2241 492 2282 This
514 2244 548 2282 is
564 2241 639 2281 the
654 2241 784 2282 usual
813 2242 989 2293 preface
1004 2241 1155 2282 before
1170 2241 1246 2281 the
1263 2240 1401 2282 Great
1415 2238 1774 2292 Thanksgiving‚

280 2297 324 2335 in
346 2295 420 2336 the
436 2296 703 2336 celebration
722 2297 772 2336 of
783 2295 857 2336 the
875 2295 1126 2337 Eucharist.
1181 2295 1244 2336 Its
1261 2308 1337 2336 use
1353 2296 1399 2335 in
1416 2294 1566 2347 public
1581 2293 1774 2345 worship

281 2351 316 2390 is
347 2350 441 2390 first
471 2349 725 2391 mentioned
756 2350 818 2402 by
847 2349 913 2392 St.
945 2350 1159 2403 Cyprian,
1188 2350 1255 2391 De
1282 2349 1519 2390 Dominica
1549 2347 1773 2393 Oratione,

280 2407 350 2445 31.
415 2404 457 2444 It
485 2406 521 2445 is
550 2404 805 2457 frequently
836 2404 1093 2445 mentioned
1123 2405 1185 2456 by
1214 2405 1468 2456 Augustine
1496 2403 1601 2456 (e.g.
1633 2402 1772 2444 Serm-

279 2461 362 2499 227
386 2463 413 2480 ‘⁶
427 2459 604 2500 Tenetis
620 2463 899 2500 sacramenta
916 2459 1070 2500 ordine
1087 2472 1181 2500 suo.
1229 2458 1378 2499 Primo
1395 2461 1495 2510 post
1510 2457 1771 2504 orationem,

275 2512 579 2554 admonemini
608 2526 784 2554 sursum
815 2514 978 2555 habere
1007 2527 1097 2556 cor.
1131 2545 1140 2556 .
1174 2545 1183 2555 .
1217 2545 1226 2555 .
1259 2511 1572 2567 Respondetis‚
1595 2510 1773 2552 ‘Habe-

281 2581 379 2608 mus
400 2567 458 2608 ad
480 2568 725 2610 Dominum
741 2567 750 2584 ’
768 2568 829 2621 ”).

279 2638 374 2680 330
