1850 2964
190 289 213 326 7

192 1997 211 2035 1

725 147 816 196 ST.
855 147 1263 196 AUGUSTINE

305 280 426 327 Misi
448 287 501 327 et
523 279 643 327 alios
662 280 834 336 libros,
856 297 981 344 quos
1002 297 1104 327 non
1124 282 1320 343 petisti,
1340 295 1406 325 ne
1425 277 1521 326 hoc
1540 284 1747 325 tantum

239 349 391 395 modo
433 348 657 395 facerem
705 349 843 412 quod
883 352 1096 412 petisti:
1153 349 1217 395 de
1260 347 1361 394 fide
1402 363 1573 394 rerum
1615 362 1748 410 quae

239 434 342 463 non
366 418 621 473 videntur,
648 418 711 464 de
741 420 1012 479 patientia,
1038 417 1102 464 de
1132 419 1467 471 continentia,
1492 416 1557 462 de
1586 418 1750 478 provi-

241 485 433 540 dentia,
462 493 514 532 et
541 503 699 531 unum
725 486 974 549 grandem
1000 485 1063 532 de
1095 485 1195 531 fide
1227 491 1400 547 etspe
1432 490 1486 530 et
1515 486 1747 530 caritate.

241 553 348 600 Hos
370 570 545 600 omnes
572 557 609 600 si
634 554 755 600 dum
783 570 835 600 es
860 557 995 600 intra
1019 551 1264 608 Africam,
1284 551 1489 616 legeris,
1507 552 1750 599 iudicium

239 629 388 668 tuum
416 625 567 668 mitte
598 622 661 668 de
695 621 807 677 11115,
838 629 927 668 3111
956 624 1108 668 mitte
1138 622 1282 667 nobis
1317 627 1407 667 aut
1439 620 1577 683 quod
1605 620 1750 666 nobis

241 707 269 736 a
293 691 497 737 domino
521 707 642 736 sene
667 689 876 737 Aurelio
897 693 1154 745 mittatur,
1176 690 1246 736 ibi
1269 689 1490 736 dimitte.
1561 688 1751 747 Quam-

241 775 395 821 quam
439 766 492 805 et
534 760 843 821 ubicumque
885 757 1060 813 fueris,
1097 774 1359 820 speramus
1394 757 1514 804 inde
1549 755 1750 803 litteras

239 834 355 873 tuas
399 834 451 872 et
492 826 609 873 hinc
650 834 726 883 111,
769 828 891 874 dum
932 843 1217 889 possumus,
1258 832 1472 872 nostras.
1541 824 1752 888 Suscepi

240 898 528 959 gratissime
589 911 721 958 quae
779 898 979 950 misisti,
1038 896 1126 941 ubi
1191 901 1244 940 et
1303 893 1523 941 salutem
1579 910 1751 940 meam

242 967 470 1026 quamvis
513 963 844 1026 corporalem,
887 966 1127 1026 quoniam
1169 966 1242 1009 vis
1283 979 1366 1009 me
1414 965 1595 1025 utique
1642 964 1751 1009 sine

239 1033 611 1094 impedimento
636 1032 801 1078 malae
829 1031 1121 1078 valitudinis
1148 1031 1244 1078 deo
1270 1047 1469 1086 vacare,
1496 1037 1549 1077 et
1573 1029 1752 1077 biblio-

240 1099 446 1147 thecam
478 1108 723 1156 nostram,
757 1107 814 1146 ut
853 1103 918 1146 sit
954 1100 1091 1146 unde
1126 1099 1242 1146 libri
1277 1099 1358 1146 vel
1392 1106 1640 1162 parentur
1670 1097 1754 1145 vel

240 1176 561 1231 reparentur,
612 1169 852 1216 adiuvare
903 1168 1144 1232 dignatus
1195 1184 1263 1214 es.
1333 1167 1609 1231 Rependat
1655 1167 1752 1214 tibi

241 1237 474 1284 dominus
496 1244 547 1284 et
566 1236 647 1283 hic
668 1245 720 1283 et
739 1240 791 1282 in
809 1235 983 1283 futuro
1002 1235 1204 1283 saeculo
1228 1237 1363 1283 bona
1388 1252 1521 1299 quae
1545 1234 1752 1291 talibus,

242 1305 446 1368 qualem
490 1313 545 1352 te
591 1322 701 1352 esse
746 1305 924 1361 voluit,
967 1307 1308 1368 praeparavit.
1379 1304 1570 1368 Pignus
1613 1306 1751 1367 pacis

243 1375 380 1436 apud
404 1381 457 1420 te
485 1375 775 1436 depositum
796 1381 1131 1437 nostrumque
1156 1376 1362 1436 utrique
1388 1372 1751 1428 dulcissimum,

241 1446 372 1489 sicut
396 1450 517 1489 ante
543 1459 571 1489 a
595 1459 678 1489 me
704 1441 929 1498 salutari,
953 1444 1029 1489 ita
1052 1459 1186 1488 nunc
1209 1440 1478 1488 resalutari
1500 1448 1640 1505 peto.

665 1594 759 1641 No.
788 1600 846 1641 55
873 1594 988 1657 (Ep.
1017 1593 1328 1657 CCXXXII)

251 1693 528 1735 DOMINIS
626 1692 1203 1734 PRAEDICABILIBIJS
1294 1693 1372 1733 ET
1442 1691 1752 1733 DILECTIS-

372 1758 546 1800 SIMIS
683 1757 1041 1798 FRATRIBUS
1180 1755 1751 1805 MADAURENSIBUS‚

372 1823 654 1873 QUORUM
739 1823 860 1863 PER
940 1822 1243 1863 FRATREM
1327 1821 1747 1863 FLORENTIUM

373 1888 737 1929 EPISTL’LAM
772 1887 1012 1936 ACCEPI,
1043 1886 1453 1928 AUGUSTINUS

305 1986 355 2033 Si
382 1985 516 2033 forte
544 1985 615 2032 illi
647 1989 733 2049 qui
762 1989 898 2032 inter
926 2001 1012 2031 vos
1047 1984 1283 2031 catholici
1312 1983 1587 2031 Christiani
1614 1991 1752 2040 sunt,

241 2055 365 2102 talia
392 2054 517 2100 mihi
546 2058 733 2117 scripta
762 2057 1030 2109 miserunt,
1058 2052 1153 2099 hoc
1182 2060 1388 2100 tantum
1415 2056 1586 2109 miror,
1615 2053 1754 2117 quod

303 2171 321 2188 α
355 2164 441 2204 For
462 2162 669 2204 Aurelius
692 2177 762 2203 see
783 2176 826 2215 p.
851 2166 920 2209 40,
944 2165 1059 2202 note.

305 2219 319 2244 ὓ
353 2219 438 2258 For
460 2219 533 2258 the
556 2218 722 2269 library
744 2222 789 2257 at
813 2218 964 2268 Hippo
987 2230 1058 2257 see
1080 2220 1183 2257 note
1204 2230 1262 2257 on
1283 2230 1326 2269 p.
1350 2219 1447 2258 398.

305 2280 318 2297 '³
354 2278 371 2313 1
399 2274 498 2313 Cor.
523 2275 565 2313 ii.
589 2276 629 2312 9.
873 2272 891 2296 ‘¹
924 2271 1207 2319 verimodus,
1231 2271 1297 2312 his
1319 2285 1415 2320 son,
1437 2285 1486 2312 as
1507 2284 1564 2311 on
1585 2284 1630 2323 p.
1652 2273 1750 2312 446.

305 2335 318 2352 2
349 2328 413 2367 To
433 2327 519 2367 this
540 2329 665 2378 point
693 2326 767 2367 the
797 2326 944 2367 letters
975 2325 1087 2366 have
1118 2326 1230 2366 been
1249 2325 1471 2378 arranged
1501 2327 1545 2366 in
1565 2325 1753 2366 chrono-

243 2381 404 2433 logical
427 2382 570 2428 order,
595 2381 675 2421 but
697 2381 771 2421 the
796 2382 1045 2432 remaining
1067 2380 1215 2421 letters
1238 2385 1403 2420 cannot
1423 2379 1480 2421 be
1502 2378 1637 2420 dated
1659 2378 1750 2420 and

244 2451 317 2476 are
360 2436 560 2489 grouped
607 2437 650 2475 in
695 2440 781 2475 two
825 2435 1051 2482 divisions‚
1096 2434 1412 2475 controversial
1452 2433 1616 2481 letters,
1659 2432 1751 2474 and

244 2491 391 2531 letters
435 2495 480 2531 to
525 2492 695 2541 private
740 2488 1022 2530 individuals.
1087 2489 1336 2530 Florentius
1379 2490 1416 2529 is
1459 2492 1538 2529 not
1578 2487 1753 2529 further

244 2545 440 2592 known3
494 2544 717 2585 Madaura
749 2558 838 2584 was
870 2543 1125 2584 mentioned
1157 2558 1215 2584 on
1246 2557 1290 2596 p.
1327 2546 1393 2592 16,
1425 2547 1529 2584 note
1559 2542 1596 2584 b.
1657 2542 1753 2584 The

245 2609 340 2657 462
