1866 2964
781 231 871 279 ST.
909 231 1319 280 AUGUSTINE

296 369 351 410 et
391 366 618 410 omnium
659 368 981 428 gementium
1024 364 1179 412 oculis
1214 365 1488 413 matricidii
1522 365 1803 413 meditator

293 452 561 509 tamquam
584 454 859 493 renovatus
884 450 1175 510 opponitur.

242 537 266 576 3
355 528 585 575 Haecine
638 529 851 576 tandem
901 530 997 576 tibi
1054 529 1279 593 placent,
1330 533 1405 576 vir
1462 526 1801 595 gravissime?

294 609 635 674 Nequaquam
667 609 762 658 hoc
795 611 859 658 de
891 618 946 658 te
979 612 1318 668 crediderim3
1368 616 1484 659 novi
1517 613 1804 660 considera-

292 694 489 738 tionem
517 700 678 739 tuam.
748 693 993 741 Caeditur
1020 701 1188 741 mater
1217 693 1430 741 carnalis
1459 698 1514 741 in
1542 695 1804 750 membris,

293 775 477 838 quibus
514 778 696 839 genuit
736 782 789 822 et
827 779 1041 823 nutrivit
1078 779 1375 840 ingratum3
1430 775 1672 841 prohibet
1707 774 1803 823 hoc

293 855 524 913 ecclesia,
552 864 721 904 mater
749 857 988 920 spiritalis
1012 874 1023 914 ;
1072 859 1305 905 caeditur
1335 865 1389 906 et
1418 862 1529 922 ipsa
1557 861 1610 904 in
1641 874 1805 905 sacra-

292 942 498 996 mentis,
527 941 710 1002 quibus
738 943 919 1004 genuit
949 947 1002 987 et
1031 943 1246 987 nutrivit
1273 944 1549 1005 ingratum.
1619 940 1802 987 Nonne

291 1022 387 1067 tibi
420 1022 624 1068 videtur
658 1022 845 1069 dixisse
880 1021 1250 1085 parricidaliter
1283 1022 1560 1070 frendens:
1613 1021 1642 1038 ‘¹
1667 1022 1805 1081 Quid

291 1101 476 1149 faciam
505 1104 768 1160 ecclesiae,
797 1121 930 1168 quae
958 1121 1041 1151 me
1071 1104 1311 1168 prohibet
1339 1105 1555 1152 caedere
1583 1112 1804 1152 matrem

294 1202 464 1232 meam
488 1187 506 1233 ?
576 1187 755 1233 Inveni
781 1187 904 1250 quid
921 1186 1106 1233 faciam
1131 1204 1140 1235 z
1174 1190 1386 1243 iniuriis,
1403 1188 1586 1251 quibus
1611 1193 1806 1250 potest,

295 1271 452 1314 etiam
476 1271 587 1331 ipsa
611 1268 855 1325 feriatur;
895 1269 986 1316 fiat
1010 1272 1062 1315 in
1086 1286 1169 1315 me
1194 1268 1385 1332 aliquid
1410 1270 1546 1316 unde
1570 1270 1804 1315 membra

294 1353 401 1397 eius
427 1350 666 1407 doleant,
704 1351 949 1398 eundum1
973 1350 1097 1398 mihi
1124 1352 1189 1398 ad
1215 1368 1300 1398 eos
1326 1354 1412 1415 qui
1438 1358 1691 1398 noverunt
1717 1367 1804 1398 ex-

293 1432 490 1479 sufflare
519 1437 740 1498 gratiam
765 1437 817 1480 in
843 1451 944 1497 qua
967 1435 1036 1480 ibi
1067 1441 1219 1481 natus
1253 1451 1382 1490 sum,
1407 1434 1674 1481 destruere
1705 1432 1806 1481 for-

291 1532 429 1561 mam
471 1533 626 1579 quam
672 1520 725 1562 in
773 1524 920 1563 utero
969 1520 1076 1563 eius
1126 1519 1333 1579 accepi;
1388 1517 1563 1563 ambas
1610 1523 1803 1563 matres

291 1614 431 1644 meas
452 1602 613 1645 saevis
634 1600 940 1645 cruciatibus
959 1605 1230 1662 torqueam
1251 1614 1262 1654 3
1297 1615 1429 1662 quae
1448 1615 1532 1645 me
1551 1601 1804 1662 posterior

288 1684 510 1742 peperit,
541 1679 721 1727 efferat
750 1684 921 1744 prior3
972 1681 1037 1727 ad
1067 1680 1215 1727 huius
1248 1680 1474 1727 dolorem
1506 1679 1804 1744 spiritaliter

291 1765 494 1819 moriar,
536 1763 601 1810 ad
640 1762 771 1809 illius
812 1764 1024 1810 caedem
1065 1762 1338 1809 carnaliter
1377 1761 1597 1810 vivam.''
1665 1762 1802 1821 Quid

289 1843 426 1891 aliud
459 1852 811 1908 expectamus,
843 1848 917 1891 vir
949 1844 1256 1892 honorabilis
1289 1845 1499 1901 Eusebi,
1531 1847 1627 1891 nisi
1659 1851 1718 1891 ut
1748 1847 1801 1890 in

287 1930 525 1973 miseram
561 1927 828 1974 mulierem
867 1935 1137 1974 senectute
1176 1928 1511 1990 decrepitam,
1548 1928 1801 1974 viduitate

287 2009 611 2065 destitutam,
628 2027 657 2055 a
671 2013 811 2056 cuius
828 2010 1069 2056 caedibus
1084 2013 1136 2055 in
1151 2008 1402 2056 catholica
1415 2008 1802 2072 prohibebatur,

250 2133 262 2141 ,
286 2094 389 2136 iam
426 2092 702 2138 Donatista
737 2109 942 2138 securus
980 2092 1249 2138 armetur?
1319 2091 1456 2150 Quid
1492 2094 1627 2137 enim
1663 2090 1802 2138 aliud

287 2171 562 2220 furibundo
578 2174 729 2221 corde
746 2177 998 2237 concepit,
1016 2191 1130 2220 cum
1148 2174 1343 2220 diceret
1360 2176 1512 2219 matri
1533 2189 1543 2218 :
1570 2172 1598 2188 “
1617 2173 1803 2219 Trans-

289 2253 451 2301 feram
492 2272 575 2302 me
615 2259 667 2302 in
708 2263 910 2319 partem
952 2256 1145 2303 Donati
1188 2262 1242 2302 et
1282 2256 1456 2302 bibam
1497 2258 1800 2319 sanguinem

289 2344 438 2383 tuum
463 2336 532 2384 '’?
600 2338 733 2385 Ecce
766 2341 867 2384 iam
899 2341 1211 2384 conscientia
1243 2344 1503 2393 cruentuS,
1536 2344 1679 2384 veste
1713 2337 1802 2384 de-

291 2418 491 2466 albatus
526 2420 726 2482 perficit
766 2428 968 2483 partem
1011 2419 1390 2483 pollicitationis
1431 2434 1589 2474 suae;
1638 2425 1803 2465 restat

293 2517 409 2563 pars
455 2501 635 2557 altera,
679 2509 737 2548 ut
782 2505 959 2548 matris
1004 2505 1306 2566 sanguinem
1352 2501 1512 2548 bibat.
1581 2499 1632 2547 Si
1679 2517 1801 2565 ergo

669 2622 683 2646 ¹
713 2620 911 2661 eundum
932 2622 1115 2673 scripsi:
1147 2620 1310 2661 vadam
1331 2631 1431 2660 MSS.

299 2701 363 2749 94
