1850 2964
751 134 842 181 ST.
881 133 1290 181 AUGUSTINE

268 268 470 315 Dicitur
518 273 762 331 ergo—et
809 272 1029 321 constat,
1076 282 1192 312 curn
1237 263 1363 311 mihi
1407 263 1504 312 hoc
1551 271 1606 311 et
1653 271 1775 311 ante

267 335 437 383 fratris
461 335 605 382 Pauli
626 336 850 382 reditum
874 350 1043 380 comes
1068 333 1390 397 Peregrinus,
1413 336 1487 379 vir
1507 331 1775 379 laudabilis

270 412 324 451 et
339 405 472 451 bene
492 403 825 458 Christianus,
838 405 923 465 qui
943 419 1058 448 cum
1071 405 1141 448 eis
1163 402 1345 448 eodem
1360 408 1592 463 tempore
1609 401 1775 462 bapti-

266 479 410 519 zatus
443 479 538 527 est,
563 471 1083 525 indicaret,—dicitur
1109 486 1230 533 ergo
1259 468 1343 515 ille
1380 485 1536 515 senex
1562 468 1775 515 tandem

265 557 533 586 conversus
559 540 624 586 ad
646 538 998 601 inplorandam
1024 537 1210 583 Christi
1232 537 1629 583 misericordiam
1653 543 1772 583 voto

265 624 318 654 se
340 607 590 671 obligasse
613 606 954 653 Christianum
981 604 1108 661 fore,
1129 608 1170 651 si
1188 604 1326 651 illam
1347 604 1537 651 salvam
1557 604 1771 651 videret.

265 676 478 722 Factum
527 682 621 722 est.
698 675 772 721 At
815 673 918 730 ille,
965 674 1103 736 quod
1148 679 1374 728 voverat,
1421 671 1774 719 dissimulabat

268 743 542 790 exsolvere.
612 742 714 789 Sed
745 741 909 789 adhuc
938 758 1118 787 manus
1150 740 1365 787 excelsa.
1436 740 1566 786 Nam
1593 756 1775 802 repen-

262 815 371 858 tina
396 815 647 858 caecitate
673 809 980 857 suffunditur
1004 812 1284 872 statimque
1310 811 1451 854 venit
1470 811 1523 854 in
1541 815 1773 854 mentem

263 880 399 927 unde
420 879 546 926 illud
568 886 718 925 esset.
788 877 1110 924 Exclamavit
1135 876 1382 923 confitens
1406 883 1563 939 atque
1583 879 1772 922 iterum

263 951 402 994 vovit
452 964 522 1003 se,
577 953 788 1009 recepto
835 945 1044 1000 lumine,
1095 944 1426 1007 impleturum
1477 960 1587 990 esse
1636 943 1774 1007 quod

262 1023 486 1062 voverat.
556 1015 791 1077 Recepit,
829 1013 1077 1076 implevit.
1146 1013 1217 1059 Et
1260 1011 1425 1059 adhuc
1465 1028 1646 1058 manus
1687 1027 1774 1058 ex-

261 1083 409 1130 celsa.
480 1082 778 1147 Symbolum
810 1099 912 1128 non
944 1087 1186 1128 tenuerat
1220 1087 1310 1127 aut
1341 1079 1558 1126 fortasse
1590 1086 1772 1126 tenere

257 1158 583 1198 recusaverat
619 1158 672 1197 et
714 1167 767 1197 se
812 1167 913 1196 non
947 1152 1174 1212 potuisse
1211 1154 1558 1195 excusaverat.
1629 1147 1772 1194 Deus

259 1221 459 1267 viderit.
531 1219 640 1265 Iam
685 1226 863 1264 tamen
907 1224 1024 1280 post
1069 1215 1203 1263 festa
1249 1219 1419 1263 omnia
1462 1218 1771 1278 receptionis

259 1304 380 1334 suae
414 1291 466 1333 in
498 1286 756 1351 paralysin
790 1285 999 1332 solvitur
1034 1284 1209 1330 multis
1247 1301 1304 1331 ac
1337 1300 1503 1347 paene
1537 1284 1770 1330 omnibus

256 1357 515 1411 membris,
574 1362 698 1401 tunc
762 1356 956 1400 somnio
1016 1353 1306 1399 admonitus
1371 1351 1620 1398 confitens
1678 1367 1772 1414 per

257 1427 559 1487 scripturam
596 1424 660 1469 ob
696 1421 790 1469 hoc
827 1422 921 1468 sibi
957 1421 1152 1467 dictum
1189 1437 1299 1466 esse
1337 1420 1595 1475 accidisse,
1631 1419 1770 1482 quod

257 1491 543 1555 symbolum
575 1508 677 1537 non
707 1490 1004 1537 reddiderit.
1076 1488 1197 1535 Post
1227 1487 1365 1534 illam
1397 1486 1768 1534 confessionem

256 1560 541 1606 redduntur
579 1559 740 1605 officia
777 1558 1123 1604 membrorum
1163 1559 1390 1603 omnium
1428 1558 1524 1602 nisi
1560 1554 1767 1619 linguae

257 1627 422 1674 solius.
493 1627 557 1674 Se
594 1634 772 1673 tamen
809 1626 1042 1673 didicisse
1080 1623 1368 1688 symbolum
1404 1624 1624 1686 ideoque
1661 1639 1768 1669 me-

320 1742 338 1761 α
370 1735 651 1788 Apparently
674 1733 928 1775 mentioned
951 1733 1058 1785 only
1079 1733 1194 1773 here.

322 1791 336 1815 ὸ
368 1791 474 1831 This
508 1793 543 1831 is
576 1805 603 1830 a
639 1789 825 1830 Biblical
857 1789 1032 1841 phrase,
1067 1789 1302 1839 occurring
1341 1789 1386 1827 in
1425 1786 1566 1827 Exod.
1600 1788 1687 1828 xiv.
1723 1790 1764 1836 8,

261 1846 398 1886 Num.
422 1848 567 1886 xxxiii.
592 1849 633 1892 3,
657 1844 746 1885 and
770 1845 901 1884 Deut.
925 1845 1055 1883 xxxii.
1079 1845 1149 1890 27,
1172 1842 1317 1882 where
1339 1844 1372 1882 it
1394 1855 1534 1882 seems
1556 1845 1602 1882 to
1624 1841 1766 1894 imply

260 1902 285 1917 “
307 1901 412 1941 with
434 1899 671 1941 unbroken
693 1898 865 1951 pride‚’'
887 1912 936 1938 or
956 1898 1031 1938 the
1052 1896 1156 1938 like.
1219 1896 1399 1938 Similar
1421 1899 1456 1936 is
1477 1896 1567 1937 Job
1587 1899 1762 1937 xxxviii.

263 1959 313 1996 15
355 1955 379 1971 “
401 1956 626 1995 auferetur
664 1954 721 1994 ab
759 1955 906 2006 impiis
944 1952 1019 1993 lux
1058 1965 1153 1999 sua,
1191 1955 1234 1992 et
1271 1951 1506 1992 brachium
1545 1950 1766 1992 excelsum

258 2009 608 2062 confringetur.”

318 2070 332 2089 ⁶
369 2065 405 2105 T
404 2078 518 2111 enee,
539 2064 643 2104 thus
664 2062 787 2111 used,
810 2064 845 2103 is
865 2060 1005 2102 found
1028 2063 1073 2102 in
1103 2060 1303 2108 Plautus,
1324 2059 1469 2112 Virgil
1496 2059 1609 2111 (ΕΟΖ.
1633 2061 1688 2101 ix.
1709 2063 1765 2101 45

257 2119 282 2135 “
300 2132 507 2160 numeros
555 2120 751 2165 memini,
793 2119 829 2158 si
873 2116 1009 2156 verba
1052 2120 1247 2156 tenerem
1266 2115 1326 2167 ”),
1377 2113 1560 2155 Martia]
1594 2114 1669 2166 (iv.
1709 2117 1763 2156 37

257 2173 282 2190 “
303 2178 431 2214 teneo
474 2173 630 2213 melius
672 2174 770 2218 ista,
812 2185 949 2223 quam
992 2184 1141 2211 meum
1184 2183 1347 2210 nornen
1368 2169 1429 2221 ’')‚
1471 2168 1560 2209 and
1602 2169 1763 2217 others,

254 2228 427 2279 though
452 2228 605 2269 Cicero
628 2226 795 2278 always
816 2239 916 2266 uses
939 2225 1149 2265 memoria
1171 2229 1327 2264 tenere.
1389 2225 1644 2276 Augustine
1665 2237 1764 2264 uses

256 2285 288 2323 it
313 2283 422 2323 both
449 2283 555 2323 with
583 2282 806 2328 memoria,
835 2280 923 2320 and
951 2280 1139 2320 without
1164 2279 1238 2330 (In
1265 2279 1387 2319 Ioum.
1415 2278 1498 2319 Ευ.
1527 2281 1594 2318 69.
1623 2281 1650 2318 4
1682 2278 1707 2294 ‘⁶
1728 2281 1764 2318 si

253 2339 482 2377 tenueritis
522 2336 643 2389 quod
680 2335 866 2376 audistis
888 2335 945 2381 ”3
996 2334 1158 2383 Quam.
1191 2333 1282 2374 An.
1317 2336 1355 2374 7.
1392 2336 1442 2373 12
1475 2332 1500 2348 “
1522 2345 1650 2373 nosse
1680 2332 1764 2374 hoc

251 2392 382 2444 plane
399 2405 451 2432 ac
472 2396 619 2431 tenere
635 2390 842 2430 volumus
858 2389 917 2440 ”),
982 2387 1252 2429 Candidates
1268 2389 1337 2428 for
1351 2387 1547 2439 baptism
1564 2401 1677 2427 were
1692 2401 1765 2428 ex-

249 2446 404 2498 pected
422 2450 467 2486 to
485 2447 721 2486 memorize
737 2444 811 2485 the
833 2442 988 2491 Creed,
1006 2443 1150 2483 which
1171 2445 1203 2482 it
1220 2455 1309 2482 was
1325 2441 1561 2482 forbidden
1578 2446 1623 2482 to
1640 2443 1763 2483 write

248 2500 379 2541 down
404 2501 546 2543 (Retr.
574 2502 600 2542 i.
631 2503 680 2541 17
705 2498 928 2553 speaking
952 2499 1002 2540 of
1022 2498 1088 2539 his
1112 2496 1232 2538 book
1257 2497 1323 2537 De
1346 2496 1459 2537 Fide
1482 2500 1520 2537 et
1545 2495 1763 2548 symbolo,

248 2571 346 2613 440
