1850 2964
757 175 847 222 ST.
886 172 1294 221 AUGUSTINE

272 310 446 357 Etiam
471 308 566 355 hoc
593 315 770 355 tamen
795 307 1167 360 indicaverunt,
1195 303 1332 367 quod
1357 301 1527 366 plures
1554 307 1781 348 vestrum

274 399 377 428 non
423 384 498 427 ita
546 383 791 435 sentiant,
834 378 926 424 sed
972 376 1190 423 liberum
1240 376 1506 422 arbitrium
1555 374 1783 420 adiuvari

272 452 536 499 fateantur
567 468 659 514 per
691 451 773 497 dei
805 452 1043 514 gratiam,
1075 455 1134 494 ut
1164 454 1307 493 reeta
1338 449 1592 509 sapiamus
1625 452 1783 508 atque

273 523 517 571 faciamus
543 530 613 578 et,
637 539 753 568 cum
775 524 973 568 venerit
998 520 1230 567 dominus
1263 519 1480 566 reddere
1510 519 1783 580 unicuique

274 596 554 643 secundum
597 610 753 657 opera
789 596 914 648 eius,
949 594 1178 638 inveniat
1220 607 1375 654 opera
1417 596 1591 636 nostra
1631 590 1783 644 bona,

275 684 395 732 quae
416 664 723 731 praeparavit
751 664 881 720 deus,
910 670 959 710 ut
985 662 1034 710 in
1062 663 1158 710 illis
1188 661 1486 709 ambulemus.
1556 660 1668 708 Hoc
1697 663 1784 724 qui

274 743 521 794 sentiunt,
544 739 678 785 bene
704 739 948 783 sentiunt.

226 819 251 857 2
343 810 543 858 Obsecro
583 812 760 871 itaque
802 825 899 863 vos,
928 806 1136 872 fratres,
1185 809 1315 852 sicut
1364 803 1651 852 Corinthios
1700 805 1787 851 ob-

277 885 493 930 secravit
516 879 791 944 apostolus,
808 896 895 943 per
916 896 1078 925 nomen
1099 877 1274 924 domini
1295 876 1440 924 nostri
1461 876 1571 924 Iesu
1597 875 1788 932 Christi,

277 961 325 1001 ut
351 954 401 1000 id
426 953 579 1018 ipsum
607 951 774 998 dicatis
801 968 957 998 omnes
984 958 1025 997 et
1052 967 1142 997 non
1170 948 1262 996 sint
1288 949 1336 996 in
1363 948 1491 996 vobis
1518 947 1786 995 schismata.

278 1026 446 1073 Primo
491 1028 627 1071 enim
671 1024 904 1070 dominus
949 1022 1110 1078 Iesus,
1154 1025 1285 1068 sicut
1328 1025 1572 1084 scriptum
1617 1027 1696 1067 est
1736 1023 1790 1066 in

280 1096 545 1161 evangelio
589 1094 828 1142 Iohannis
879 1093 1111 1157 apostoli,
1146 1110 1249 1140 non
1290 1096 1448 1149 venit,
1483 1099 1533 1140 ut
1565 1091 1791 1139 iudicaret

278 1169 515 1224 mundum,
547 1167 628 1214 sed
658 1174 707 1214 ut
737 1166 998 1213 salvaretur
1034 1164 1232 1212 mundus
1256 1181 1344 1228 per
1372 1164 1525 1228 ipsum
1549 1179 1561 1220 ;
1609 1170 1792 1226 postea

279 1258 416 1296 vero,
458 1243 588 1286 sicut
636 1239 810 1285 scribit
859 1236 1115 1300 apostolus
1165 1236 1369 1292 Paulus,
1409 1235 1632 1283 iudicabit
1677 1235 1791 1282 deus

280 1312 516 1367 mundum,
548 1311 752 1374 quando
784 1308 810 1324 “
837 1316 1081 1356 venturus
1114 1307 1244 1364 est,'’
1277 1311 1408 1354 sicut
1436 1315 1550 1355 tota
1580 1307 1792 1354 ecelesia

280 1389 332 1431 in
359 1383 589 1448 symbolo
623 1381 914 1437 confitetur,
942 1380 969 1396 “
994 1381 1218 1427 iudicare
1252 1383 1390 1426 vivos
1425 1387 1479 1427 et
1509 1378 1790 1427 mortuos.''

283 1456 333 1503 Si
355 1473 476 1520 ergo
496 1472 598 1501 non
619 1462 698 1501 est
718 1454 801 1501 dei
821 1456 1005 1517 gratia,
1027 1470 1127 1516 quo
1146 1452 1298 1499 modo
1319 1451 1481 1499 salvat
1499 1452 1748 1499 mundum
1772 1452 1790 1498 ?

282 1530 351 1576 Et
386 1531 426 1574 si
460 1544 563 1574 non
598 1533 676 1572 est
709 1525 927 1572 liberum
963 1525 1246 1580 arbitrium,
1281 1541 1381 1588 quo
1415 1525 1567 1572 modo
1601 1524 1793 1571 iudicat

282 1599 573 1647 mundum?
643 1597 861 1644 Proinde
912 1596 1098 1643 librum
1150 1596 1230 1642 vel
1283 1596 1554 1659 epistulam
1604 1612 1792 1652 meam,

285 1688 439 1736 quam
461 1687 633 1717 secum
658 1670 722 1716 ad
743 1686 833 1716 nos
858 1685 1008 1731 supra
1031 1669 1153 1715 dieti
1178 1667 1492 1724 adtulerunt,
1515 1668 1794 1734 secundum

283 1743 415 1790 hane
442 1742 597 1789 fidem
622 1740 929 1804 intellegite,
957 1748 1015 1787 ut
1041 1757 1209 1803 neque
1237 1743 1438 1804 negetis
1466 1740 1549 1787 dei
1574 1743 1795 1804 gratiam

285 1831 453 1878 neque
497 1813 715 1859 liberum
760 1814 1026 1859 arbitrium
1070 1816 1139 1859 sie
1183 1811 1491 1868 defendatis,
1536 1819 1595 1859 ut
1639 1829 1669 1858 a
1711 1812 1795 1860 dei

286 1889 453 1951 gratia
470 1888 735 1948 separetis,
753 1892 1019 1947 tamquam
1037 1887 1144 1930 sine
1162 1883 1247 1929 illa
1263 1882 1345 1930 vel
1361 1887 1586 1948 cogitare
1606 1883 1797 1948 aliquid

287 1957 367 2005 vel
413 1973 566 2021 agere
613 1956 893 2003 secundum
939 1956 1094 2003 deum
1139 1955 1242 2002 ulla
1285 1958 1484 2003 ratione
1527 1959 1796 2019 possimus,

289 2029 427 2093 quod
479 2030 684 2075 omnino
738 2045 840 2074 non
891 2044 1173 2090 possumus.
1245 2027 1461 2091 Propter
1512 2027 1607 2075 hoc
1661 2031 1796 2076 enim

289 2102 540 2156 dominus,
589 2116 705 2146 eum
754 2100 818 2146 de
867 2099 1037 2146 fructu
1085 2102 1313 2146 iustitiae
1361 2099 1675 2163 loqueretur,
1725 2103 1798 2148 ait

290 2170 544 2234 discipulis
570 2173 670 2217 suis
697 2187 706 2217 ε
742 2170 852 2217 Sine
875 2187 945 2217 me
967 2170 1087 2219 nihil
1102 2170 1296 2236 potestis
1307 2171 1495 2237 facere.

240 2252 264 2291 3
356 2243 508 2290 Unde
543 2259 695 2305 supra
726 2242 916 2289 dictam
951 2242 1223 2306 epistulam
1255 2244 1320 2290 ad
1344 2242 1562 2300 Sixtum,
1587 2245 1798 2308 presby-

290 2322 458 2361 terum
501 2312 743 2360 ecelesiae
781 2313 1060 2370 Romanae,
1098 2321 1275 2361 contra
1319 2331 1474 2362 novos
1514 2314 1797 2364 haereticos

357 2447 374 2466 ‘¹
411 2442 544 2482 Matr.
566 2442 651 2481 xvi.
675 2444 744 2482 27.
909 2441 924 2465 ὸ
957 2441 1072 2494 Eph.
1097 2444 1139 2482 ii.
1169 2445 1232 2482 10.
1400 2448 1415 2467 ⁶
1451 2446 1466 2483 l
1495 2441 1594 2484 Cor.
1619 2445 1646 2484 i.
1674 2447 1738 2484 10.

472 2496 490 2520 ‘¹
523 2495 644 2535 John
667 2497 725 2536 iii.
754 2499 817 2536 17.
1299 2502 1314 2521 ⁶
1349 2497 1478 2538 Rom.
1503 2499 1561 2538 iii.
1586 2501 1625 2539 6.

410 2551 427 2578 f
457 2553 482 2590 2
505 2550 618 2590 Tim.
643 2551 698 2591 iv.
728 2554 744 2590 l
769 2567 780 2597 ς
824 2554 840 2590 1
870 2550 962 2591 Pet.
987 2552 1042 2591 iv.
1067 2554 1106 2592 5.
1356 2557 1372 2579 ⁹
1405 2551 1526 2606 John
1548 2566 1618 2593 xv.
1642 2555 1682 2594 5.

294 2615 390 2664 406
