1850 2964
723 130 814 178 ST.
852 130 1261 179 AUGUSTINE

234 277 264 308 a
298 268 353 308 te
390 262 482 309 sed
516 261 680 309 multa
715 269 926 326 propter
965 270 1019 310 te
1063 270 1134 319 et,
1171 281 1287 310 cum
1325 267 1576 312 timentur
1611 281 1744 329 quae

233 330 294 376 ad
335 333 578 394 exiguum
611 338 816 393 tempus
850 338 1055 387 nocent,
1089 334 1130 378 si
1162 339 1340 378 tamen
1372 340 1578 389 nocent,
1611 349 1745 380 com-

229 400 509 445 mittuntur
534 415 595 445 ea
619 415 750 462 quae
776 416 894 446 vere
918 407 1137 446 noceant
1160 403 1212 446 in
1238 408 1505 447 aeternum
1528 401 1547 447 ?

182 471 208 510 6
297 465 378 512 De
403 467 585 529 quibus
613 474 671 513 ut
695 484 853 513 unum
885 467 1075 530 aliquid
1105 468 1287 524 dicam,
1311 472 1422 532 quis
1444 486 1547 516 non
1569 468 1743 516 videat

231 534 368 596 quod
413 534 560 581 multi
607 534 837 581 homines
883 537 978 582 tibi
1025 535 1335 583 cohaereant
1383 537 1448 584 ad
1492 537 1741 584 tuendam

229 608 375 647 tuam
399 605 687 665 potentiam
707 602 786 649 vel
812 602 1048 659 salutem,
1069 607 1173 666 qui,
1195 607 1352 650 etiam
1378 607 1418 650 si
1443 606 1538 651 tibi
1564 604 1739 651 omnes

230 669 405 716 fideles
454 673 556 717 sint
604 687 698 717 nec
742 672 806 717 ab
850 670 1019 734 aliquo
1063 688 1239 717 eorum
1284 671 1413 718 ullae
1456 675 1742 719 timeantur

229 737 461 794 insidiae,
488 755 674 801 nempe
707 746 885 785 tamen
915 739 980 785 ad
1006 755 1067 785 ea
1092 740 1226 786 bona
1253 757 1386 803 quae
1411 743 1505 802 ipsi
1533 756 1738 804 quoque

230 822 332 851 non
352 807 632 853 secundum
649 807 804 853 deum
821 808 911 854 sed
928 808 1207 854 secundum
1225 807 1483 855 saeculum
1500 808 1738 872 diligunt,

229 889 321 936 per
346 881 400 920 te
427 878 640 937 cupiunt
664 878 950 937 pervenire,
972 892 1028 921 ac
1047 878 1139 938 per
1163 875 1275 931 hoc,
1297 879 1383 939 qui
1403 875 1662 923 refrenare
1684 883 1738 923 et

227 958 549 1004 compescere
575 943 797 989 debuisti
821 944 1129 1006 cupiditates
1153 950 1287 1000 tuas,
1312 943 1519 1006 explere
1543 947 1737 1008 cogeris

227 1008 417 1056 alienas
442 1011 460 1056 ?
530 1010 681 1069 Quod
707 1018 766 1057 ut
794 1011 900 1067 fiat,
928 1028 1136 1058 necesse
1172 1019 1251 1058 est
1279 1011 1444 1058 multa
1476 1029 1608 1075 quae
1639 1013 1736 1059 deo

225 1077 512 1140 displicent,
564 1079 704 1125 fiant.
776 1079 884 1125 Nec
935 1083 1003 1125 sic
1053 1086 1232 1126 tamen
1282 1079 1556 1143 explentur
1604 1079 1735 1127 tales

223 1147 531 1208 cupiditates
557 1162 568 1202 ;
609 1164 729 1193 nam
750 1145 945 1193 facilius
972 1155 1269 1194 resecantur
1289 1151 1343 1194 in
1369 1151 1440 1194 eis
1466 1151 1553 1211 qui
1580 1148 1735 1195 deum

222 1213 460 1277 diligunt,
506 1232 660 1277 quam
704 1218 758 1261 in
803 1218 893 1270 eis,
939 1218 1025 1278 qui
1069 1216 1318 1262 mundum
1364 1215 1602 1280 diligunt,
1647 1215 1734 1262 ali-

221 1282 425 1344 quando
487 1286 754 1329 satiantur.
825 1282 1042 1346 Propter
1102 1285 1240 1347 quod
1300 1284 1424 1331 dicit
1483 1287 1734 1347 scriptura

219 1350 424 1396 divina:
469 1349 628 1397 Nolite
660 1350 853 1415 diligere
885 1350 1104 1398 mundum
1136 1369 1218 1398 nec
1250 1369 1306 1398 ea
1335 1368 1456 1416 quae
1483 1351 1532 1398 in
1562 1351 1732 1399 mundo

218 1424 338 1464 sunt.
407 1417 460 1465 Si
493 1418 598 1482 quis
631 1418 842 1465 dilexerit
875 1419 1112 1475 mundum,
1145 1419 1327 1467 dilectio
1354 1419 1509 1484 patris
1541 1437 1633 1467 non
1665 1427 1734 1467 est

216 1484 265 1532 in
312 1502 381 1542 eo,
425 1486 538 1551 quia
583 1504 714 1533 omne
759 1487 884 1551 quod
924 1487 973 1534 in
1018 1487 1188 1534 mundo
1236 1494 1319 1544 est,
1362 1487 1732 1552 concupiscentia

215 1553 372 1601 carnis
404 1561 471 1601 est
502 1561 544 1601 et
576 1555 943 1619 concupiscentia
976 1556 1211 1602 oculorum
1243 1562 1286 1603 et
1318 1555 1506 1604 ambitio
1537 1556 1730 1613 saeculi,

217 1639 338 1686 quae
373 1639 465 1669 mm
503 1629 570 1669 est
607 1641 636 1669 a
668 1630 822 1687 patre,
860 1623 942 1670 sed
978 1640 1034 1670 ex
1071 1623 1241 1670 mundo
1279 1631 1360 1671 est.
1429 1623 1494 1671 Et
1530 1623 1730 1672 mundus

215 1689 382 1737 transit
403 1697 444 1737 et
466 1690 834 1755 concupiscentia
857 1691 955 1738 eius
975 1711 996 1745 ,·
1032 1691 1112 1756 qui
1135 1699 1286 1739 autem
1295 1691 1430 1757 facit
1450 1691 1730 1740 voluntatem

215 1757 290 1804 dei
319 1766 471 1806 manet
499 1759 548 1805 in
580 1766 831 1816 aeternum,
860 1760 976 1807 sicut
1006 1767 1048 1806 et
1076 1759 1190 1807 deus
1220 1767 1373 1807 manet
1398 1759 1447 1806 in
1475 1767 1724 1808 aeternum.

215 1825 434 1885 Quando
495 1844 616 1891 ergo
681 1831 873 1891 poteris
933 1835 1013 1874 tot
1071 1827 1335 1875 hominum
1395 1836 1726 1886 armatorum,

215 1912 430 1958 quorum
479 1894 701 1943 fovenda
752 1903 831 1943 est
880 1897 1151 1959 cupiditaS,
1201 1900 1415 1943 timetur
1465 1900 1724 1954 atrocitas,

213 1964 435 2026 quando,
460 1967 687 2027 inquam,
713 1967 904 2027 poteris
937 1980 1113 2011 eorum
1143 1968 1607 2028 concupiscentiam
1637 1969 1725 2028 qui

212 2031 432 2095 diligunt
462 2033 729 2089 mundum,
761 2050 864 2079 non
895 2033 1006 2080 dico
1039 2036 1244 2089 satiare,
1277 2033 1415 2096 quod
1446 2033 1555 2080 fieri
1585 2033 1723 2080 nullo

277 2240 296 2259 ⁰
331 2239 349 2276 1
387 2235 508 2277 John
539 2237 581 2276 ii.
618 2238 759 2277 15-17.
822 2236 1075 2289 Augustine
1105 2240 1260 2288 quotes
1289 2235 1377 2276 this
1406 2240 1499 2277 text
1526 2236 1631 2277 with
1661 2249 1720 2277 an

211 2289 456 2330 additional
493 2290 641 2331 clause
666 2290 711 2341 (⁶⁴
744 2292 857 2331 sicut
887 2321 898 2332 .
933 2321 942 2331 .
977 2321 987 2332 .
1021 2295 1251 2331 aeternum
1272 2290 1317 2342 ”)
1347 2291 1492 2332 which
1522 2293 1557 2332 is
1578 2293 1718 2331 notin

210 2344 285 2385 the
316 2344 464 2385 Greek
495 2344 697 2397 original,
728 2345 809 2385 but
837 2347 872 2385 is
893 2345 1033 2385 found
1064 2347 1109 2385 in
1139 2345 1213 2386 the
1244 2345 1426 2387 Sahidic
1453 2347 1641 2393 version,
1671 2347 1717 2386 in

211 2398 424 2451 Cypriam
455 2399 544 2439 and
576 2403 619 2440 in
657 2400 834 2440 Lucifer
863 2401 915 2440 of
940 2399 1122 2440 Calaris.
1181 2400 1276 2440 The
1303 2413 1426 2440 same
1460 2399 1646 2453 reading
1680 2402 1716 2441 is

207 2455 340 2506 given
371 2456 416 2494 in
446 2455 736 2507 Augustine's
767 2454 909 2495 Tract.
940 2455 989 2495 in
1023 2455 1142 2495 Ioan.
1173 2457 1214 2495 2.
1250 2458 1315 2502 10,
1343 2455 1426 2495 but
1452 2455 1508 2496 ib.
1538 2457 1578 2496 2.
1607 2458 1635 2495 4
1661 2454 1717 2496 he

207 2508 336 2549 reads
357 2508 382 2524 ‘⁶
399 2508 625 2562 quomodo
646 2511 740 2563 ipse
771 2540 781 2552 ‚
815 2538 827 2551 .
860 2508 903 2550 .’'
965 2508 1080 2551 Like
1100 2509 1176 2551 the
1196 2509 1406 2562 Vulgate,
1423 2509 1716 2563 Augustine's

208 2579 304 2623 424
