1866 2964
743 161 834 209 ST.
872 160 1280 208 AUGUSTINE

258 295 424 343 adfuit
458 294 737 342 multitudo
774 300 829 340 et
864 310 1026 356 usque
1059 293 1125 340 ad
1159 291 1336 340 horam
1372 309 1474 355 qua
1508 309 1623 339 cum
1661 294 1766 354 epi-

255 395 407 441 scopo
445 377 826 441 egrederemur,
858 375 1130 439 legebatur
1165 374 1459 421 alternatim
1496 381 1551 421 et
1585 373 1767 436 psalle—

256 461 445 515 batur3
512 460 761 521 nobisque
813 460 1029 521 egressis
1079 458 1180 504 duo
1229 456 1411 519 psalmi
1458 456 1580 503 lecti
1629 463 1765 503 sunt.

258 542 461 588 Deinde
483 557 566 587 me
591 543 826 595 inxdtum,
848 542 935 603 qui
954 542 1057 585 iam
1077 540 1347 601 cupiebam
1367 546 1635 601 peractum
1656 554 1767 585 esse

255 632 365 671 tam
403 622 744 686 periculosum
784 622 939 678 diem,
976 625 1170 668 iussum
1210 621 1457 684 compulit
1502 638 1661 668 senex
1708 627 1768 667 ut

257 706 449 769 aliquid
480 709 550 752 eis
576 704 829 768 loquerer.
899 704 1072 751 Habui
1098 705 1308 750 brevem
1334 720 1640 759 sermonem,
1667 720 1768 766 quo

255 791 447 852 gratias
495 804 703 850 agerem
749 787 865 842 deo,
913 793 965 832 et
1012 789 1253 849 quoniam
1297 789 1349 831 in
1392 784 1769 832 haereticorum

254 869 460 916 basilica
495 869 829 915 audiebamus
864 869 928 914 ab
959 871 1029 914 eis
1059 867 1207 914 solita
1236 871 1463 914 convivia
1491 867 1770 924 celebrata,

256 969 372 998 cum
404 950 569 998 adhuc
601 953 759 997 etiam
791 967 851 996 eo
882 953 991 1012 ipso
1021 957 1256 1013 tempore
1288 967 1388 1013 quo
1426 967 1455 996 a
1490 951 1635 997 nobis
1669 952 1770 996 ista

253 1035 586 1097 gerebantur,
613 1032 684 1078 1111
711 1035 764 1078 in
791 1031 983 1094 poculis
1012 1033 1370 1095 perdurarent,
1398 1033 1503 1080 dixi
1532 1033 1634 1080 diei
1660 1031 1771 1095 pul-

253 1115 597 1163 chritudinem
622 1118 785 1161 noctis
811 1118 1192 1177 comparatione
1219 1116 1446 1162 decorari
1471 1122 1525 1162 et
1549 1114 1769 1162 colorem

253 1198 527 1244 candidum
576 1199 707 1260 nigri
750 1199 1013 1243 vicinitate
1056 1200 1369 1260 gratiorem3
1422 1201 1497 1243 ita
1538 1205 1770 1244 nostrum

254 1279 493 1342 spiritalis
549 1277 907 1325 celebrationis
963 1286 1273 1326 conventum
1328 1283 1495 1327 minus
1553 1265 1770 1327 fortasse

255 1361 487 1408 futurum
518 1359 672 1407 fuisse
703 1361 1000 1417 iucundum,
1030 1364 1125 1408 nisi
1157 1378 1220 1407 ex
1253 1361 1351 1408 alia
1379 1369 1528 1425 parte
1558 1361 1772 1409 carnalis

254 1446 592 1507 ingurgitatio
634 1441 970 1498 conferretur,
1007 1442 1346 1507 hortatusque
1389 1461 1501 1491 sum
1541 1452 1601 1491 ut
1640 1443 1771 1491 tales

261 1525 436 1587 epulas
484 1527 740 1571 instanter
795 1532 1123 1587 appeterent,
1170 1529 1210 1572 si
1264 1534 1563 1590 gustassent
1616 1544 1771 1590 quarn

257 1610 423 1653 suavis
448 1613 527 1652 est
551 1606 784 1653 dominus
806 1622 816 1662 3
851 1606 947 1653 illis
972 1615 1147 1654 autem
1173 1624 1282 1654 esse
1306 1609 1663 1666 metuendum,
1686 1613 1772 1672 qui

258 1696 525 1751 tamquam
572 1691 794 1750 primum
842 1696 1108 1735 sectantur
1163 1691 1301 1753 quod
1357 1690 1630 1754 aliquando
1685 1692 1774 1738 de-

258 1778 504 1825 struetur,
529 1787 645 1816 cum
671 1774 886 1834 quisque
912 1788 1082 1818 comes
1106 1772 1352 1820 efficiatur
1377 1777 1484 1820 eius
1512 1777 1586 1820 rei
1618 1791 1773 1837 quam

259 1852 397 1907 colit,
423 1851 784 1915 insultaritque
813 1853 1072 1915 apostolus
1098 1854 1286 1902 talibus
1312 1856 1485 1902 dicens
1510 1872 1520 1902 z
1565 1855 1773 1909 Quorum

258 1933 372 1980 deus
404 1940 575 1990 venter,
607 1951 721 1980 cum
754 1935 892 1981 idem
926 1934 1023 1981 alio
1055 1935 1164 1983 loco
1197 1937 1420 1984 dixerit:
1470 1937 1597 1985 Esca
1622 1938 1776 1985 'ventri

258 2022 300 2061 et
334 2022 488 2061 venter
521 2014 639 2062 escis
659 2035 680 2069 ,·
732 2015 846 2063 deus
881 2023 1032 2063 autem
1068 2025 1110 2064 et
1145 2019 1265 2065 hunc
1298 2026 1341 2065 et
1374 2019 1485 2066 illas
1518 2019 1773 2068 evacuabit.

262 2097 364 2143 Nos
398 2098 611 2159 proinde
643 2105 880 2160 oportere
910 2099 962 2146 id
994 2104 1139 2163 sequi
1169 2102 1306 2164 quod
1342 2119 1443 2148 non
1481 2110 1775 2159 evacuatur,

260 2180 397 2242 quod
427 2183 823 2226 remotissimum
849 2198 877 2226 a
901 2185 1063 2228 carnis
1097 2181 1283 2230 affectu
1316 2187 1522 2247 spiritus
1554 2185 1775 2232 sanctifi-

259 2264 461 2307 catione
504 2264 774 2308 retinetur.
861 2263 1036 2326 Atque
1075 2267 1127 2310 in
1168 2264 1299 2312 hanc
1334 2270 1647 2313 sententiam
1681 2284 1774 2330 pro

260 2350 494 2405 tempore
532 2360 646 2389 cum
685 2359 747 2390 ea
779 2361 911 2408 quae
949 2345 1182 2393 dominus
1219 2364 1496 2412 suggerere
1533 2349 1774 2413 dignatus

323 2551 342 2570 ⁰
374 2546 468 2587 The
490 2547 732 2590 Donatists.
868 2549 883 2573 ὁ
919 2549 1030 2591 Phil.
1054 2552 1113 2591 iii.
1143 2554 1206 2592 19.
1341 2558 1356 2578 ⁰
1391 2556 1408 2593 1
1436 2552 1535 2594 Cor.
1558 2554 1615 2594 vi.
1643 2556 1709 2594 13.

291 2618 350 2660 88
