<?xml version="1.0" encoding="UTF-8"?>
<!DOCTYPE html PUBLIC "-//W3C//DTD XHTML 1.0 Transitional//EN"
    "http://www.w3.org/TR/xhtml1/DTD/xhtml1-transitional.dtd">
<html xmlns="http://www.w3.org/1999/xhtml" xml:lang="en" lang="en">
 <head>
  <title>
</title>
<meta http-equiv="Content-Type" content="text/html;charset=utf-8" />
  <meta name='ocr-system' content='tesseract 3.04.00' />
  <meta name='ocr-capabilities' content='ocr_page ocr_carea ocr_par ocr_line ocrx_word'/>
</head>
<body>
  <div class='ocr_page' id='page_1' title='image "./selectletters00auguuoft_0432.png"; bbox 0 0 1866 2964; ppageno 0'>
   <div class='ocr_carea' id='block_1_1' title="bbox 726 153 1265 205">
    <p class='ocr_par' dir='ltr' id='par_1_1' title="bbox 726 153 1265 205">
     <span class='ocr_line' id='line_1_1' title="bbox 726 153 1265 205; baseline -0.002 0"><span class='ocrx_word' id='word_1_1' title='bbox 726 155 817 205; x_wconf 80' lang='lat' dir='ltr'><strong>ST.</strong></span> <span class='ocrx_word' id='word_1_2' title='bbox 856 153 1265 205; x_wconf 89' lang='lat' dir='ltr'><strong>AUGUSTINE</strong></span> 
     </span>
    </p>
   </div>
   <div class='ocr_carea' id='block_1_2' title="bbox 191 287 1759 1986">
    <p class='ocr_par' dir='ltr' id='par_1_2' title="bbox 237 287 1759 1563">
     <span class='ocr_line' id='line_1_2' title="bbox 243 287 1756 358; baseline -0.005 -18"><span class='ocrx_word' id='word_1_3' title='bbox 243 296 472 358; x_wconf 85' lang='lat' dir='ltr'><strong>gratuita</strong></span> <span class='ocrx_word' id='word_1_4' title='bbox 506 293 569 339; x_wconf 89' lang='lat' dir='ltr'><strong>ab</strong></span> <span class='ocrx_word' id='word_1_5' title='bbox 601 291 685 338; x_wconf 89' lang='lat' dir='ltr'><strong>illo</strong></span> <span class='ocrx_word' id='word_1_6' title='bbox 735 307 889 354; x_wconf 88' lang='lat' dir='ltr'><strong>quem</strong></span> <span class='ocrx_word' id='word_1_7' title='bbox 921 295 1277 344; x_wconf 87' lang='lat' dir='ltr'><strong>contemnunt,</strong></span> <span class='ocrx_word' id='word_1_8' title='bbox 1311 303 1612 335; x_wconf 88' lang='lat' dir='ltr'><strong>enumerare</strong></span> <span class='ocrx_word' id='word_1_9' title='bbox 1644 287 1756 350; x_wconf 91' lang='lat' dir='ltr'><strong>quis</strong></span> 
     </span>
     <span class='ocr_line' id='line_1_3' title="bbox 238 353 1754 424; baseline -0.005 -16"><span class='ocrx_word' id='word_1_10' title='bbox 238 361 454 424; x_wconf 88' lang='lat' dir='ltr'><strong>potest?</strong></span> <span class='ocrx_word' id='word_1_11' title='bbox 524 360 668 407; x_wconf 95' lang='lat' dir='ltr'><strong>Inter</strong></span> <span class='ocrx_word' id='word_1_12' title='bbox 704 375 836 422; x_wconf 90' lang='lat' dir='ltr'><strong>quae</strong></span> <span class='ocrx_word' id='word_1_13' title='bbox 870 357 996 405; x_wconf 90' lang='lat' dir='ltr'><strong>illud</strong></span> <span class='ocrx_word' id='word_1_14' title='bbox 1029 373 1293 421; x_wconf 84' lang='lat' dir='ltr'><strong>magnum,</strong></span> <span class='ocrx_word' id='word_1_15' title='bbox 1329 356 1468 419; x_wconf 92' lang='lat' dir='ltr'><strong>quod</strong></span> <span class='ocrx_word' id='word_1_16' title='bbox 1503 353 1754 417; x_wconf 82' lang='lat' dir='ltr'><strong>exemplis</strong></span> 
     </span>
     <span class='ocr_line' id='line_1_4' title="bbox 237 421 1750 491; baseline -0.005 -15"><span class='ocrx_word' id='word_1_17' title='bbox 237 431 653 491; x_wconf 87' lang='lat' dir='ltr'><strong>interpositarum</strong></span> <span class='ocrx_word' id='word_1_18' title='bbox 711 425 1119 481; x_wconf 75' lang='lat' dir='ltr'>tribulationum,</span> <span class='ocrx_word' id='word_1_19' title='bbox 1176 441 1301 488; x_wconf 91' lang='lat' dir='ltr'><strong>quas</strong></span> <span class='ocrx_word' id='word_1_20' title='bbox 1357 423 1506 470; x_wconf 90' lang='lat' dir='ltr'><strong>huius</strong></span> <span class='ocrx_word' id='word_1_21' title='bbox 1563 421 1750 469; x_wconf 88' lang='lat' dir='ltr'><strong>saeculi</strong></span> 
     </span>
     <span class='ocr_line' id='line_1_5' title="bbox 238 491 1752 558; baseline -0.005 -14"><span class='ocrx_word' id='word_1_22' title='bbox 238 496 493 544; x_wconf 82' lang='lat' dir='ltr'>dulcedini</span> <span class='ocrx_word' id='word_1_23' title='bbox 524 503 792 558; x_wconf 79' lang='lat' dir='ltr'><strong>tamquam</strong></span> <span class='ocrx_word' id='word_1_24' title='bbox 821 495 984 541; x_wconf 90' lang='lat' dir='ltr'><strong>bonus</strong></span> <span class='ocrx_word' id='word_1_25' title='bbox 1015 493 1243 540; x_wconf 82' lang='lat' dir='ltr'><strong>medicus</strong></span> <span class='ocrx_word' id='word_1_26' title='bbox 1273 495 1473 548; x_wconf 83' lang='lat' dir='ltr'><strong>miscet,</strong></span> <span class='ocrx_word' id='word_1_27' title='bbox 1505 491 1752 538; x_wconf 86' lang='lat' dir='ltr'><strong>admonet</strong></span> 
     </span>
     <span class='ocr_line' id='line_1_6' title="bbox 243 560 1759 625; baseline -0.005 -13"><span class='ocrx_word' id='word_1_28' title='bbox 243 581 346 621; x_wconf 91' lang='lat' dir='ltr'><strong>eos,</strong></span> <span class='ocrx_word' id='word_1_29' title='bbox 389 567 429 611; x_wconf 92' lang='lat' dir='ltr'><strong>si</strong></span> <span class='ocrx_word' id='word_1_30' title='bbox 472 564 756 611; x_wconf 76' lang='lat' dir='ltr'><strong>adtendere</strong></span> <span class='ocrx_word' id='word_1_31' title='bbox 795 561 972 618; x_wconf 88' lang='lat' dir='ltr'><strong>velint,</strong></span> <span class='ocrx_word' id='word_1_32' title='bbox 1006 560 1186 625; x_wconf 88' lang='lat' dir='ltr'><strong>fugere</strong></span> <span class='ocrx_word' id='word_1_33' title='bbox 1230 561 1294 607; x_wconf 88' lang='lat' dir='ltr'><strong>ab</strong></span> <span class='ocrx_word' id='word_1_34' title='bbox 1327 563 1402 606; x_wconf 87' lang='lat' dir='ltr'><strong>ira</strong></span> <span class='ocrx_word' id='word_1_35' title='bbox 1434 565 1668 614; x_wconf 87' lang='lat' dir='ltr'><strong>ventura,</strong></span> <span class='ocrx_word' id='word_1_36' title='bbox 1704 564 1759 604; x_wconf 87' lang='lat' dir='ltr'><strong>et</strong></span> 
     </span>
     <span class='ocr_line' id='line_1_7' title="bbox 243 627 1756 686; baseline -0.005 -7"><span class='ocrx_word' id='word_1_37' title='bbox 243 650 358 680; x_wconf 85' lang='lat' dir='ltr'><strong>cum</strong></span> <span class='ocrx_word' id='word_1_38' title='bbox 389 635 441 678; x_wconf 90' lang='lat' dir='ltr'><strong>in</strong></span> <span class='ocrx_word' id='word_1_39' title='bbox 471 635 551 678; x_wconf 75' lang='lat' dir='ltr'><strong>via</strong></span> <span class='ocrx_word' id='word_1_40' title='bbox 583 637 720 686; x_wconf 91' lang='lat' dir='ltr'><strong>sunt,</strong></span> <span class='ocrx_word' id='word_1_41' title='bbox 750 630 803 677; x_wconf 89' lang='lat' dir='ltr'><strong>id</strong></span> <span class='ocrx_word' id='word_1_42' title='bbox 835 637 913 676; x_wconf 85' lang='lat' dir='ltr'><strong>est</strong></span> <span class='ocrx_word' id='word_1_43' title='bbox 943 633 996 675; x_wconf 91' lang='lat' dir='ltr'><strong>in</strong></span> <span class='ocrx_word' id='word_1_44' title='bbox 1026 628 1120 675; x_wconf 86' lang='lat' dir='ltr'><strong>hac</strong></span> <span class='ocrx_word' id='word_1_45' title='bbox 1151 631 1273 684; x_wconf 86' lang='lat' dir='ltr'><strong>vita,</strong></span> <span class='ocrx_word' id='word_1_46' title='bbox 1304 627 1610 675; x_wconf 87' lang='lat' dir='ltr'><strong>concordare</strong></span> <span class='ocrx_word' id='word_1_47' title='bbox 1639 642 1756 685; x_wconf 88' lang='lat' dir='ltr'><strong>cum</strong></span> 
     </span>
     <span class='ocr_line' id='line_1_8' title="bbox 243 694 1756 761; baseline -0.005 -14"><span class='ocrx_word' id='word_1_48' title='bbox 243 716 476 747; x_wconf 84' lang='lat' dir='ltr'><strong>sermone</strong></span> <span class='ocrx_word' id='word_1_49' title='bbox 520 700 621 755; x_wconf 88' lang='lat' dir='ltr'><strong>dei,</strong></span> <span class='ocrx_word' id='word_1_50' title='bbox 662 715 817 761; x_wconf 93' lang='lat' dir='ltr'><strong>quem</strong></span> <span class='ocrx_word' id='word_1_51' title='bbox 855 699 948 744; x_wconf 87' lang='lat' dir='ltr'><strong>sibi</strong></span> <span class='ocrx_word' id='word_1_52' title='bbox 987 697 1333 744; x_wconf 83' lang='lat' dir='ltr'><strong>adversarium</strong></span> <span class='ocrx_word' id='word_1_53' title='bbox 1368 694 1503 742; x_wconf 87' lang='lat' dir='ltr'><strong>male</strong></span> <span class='ocrx_word' id='word_1_54' title='bbox 1540 694 1756 741; x_wconf 85' lang='lat' dir='ltr'><strong>vivendo</strong></span> 
     </span>
     <span class='ocr_line' id='line_1_9' title="bbox 242 765 1758 830; baseline -0.005 -15"><span class='ocrx_word' id='word_1_55' title='bbox 242 768 492 815; x_wconf 87' lang='lat' dir='ltr'><strong>fecerunt.</strong></span> <span class='ocrx_word' id='word_1_56' title='bbox 562 767 700 825; x_wconf 81' lang='lat' dir='ltr'><strong>Quid</strong></span> <span class='ocrx_word' id='word_1_57' title='bbox 738 782 859 830; x_wconf 85' lang='lat' dir='ltr'><strong>ergo</strong></span> <span class='ocrx_word' id='word_1_58' title='bbox 896 783 999 812; x_wconf 88' lang='lat' dir='ltr'><strong>non</strong></span> <span class='ocrx_word' id='word_1_59' title='bbox 1033 765 1429 812; x_wconf 87' lang='lat' dir='ltr'><strong>misericorditer</strong></span> <span class='ocrx_word' id='word_1_60' title='bbox 1462 768 1758 827; x_wconf 75' lang='lat' dir='ltr'><strong>praestatur</strong></span> 
     </span>
     <span class='ocr_line' id='line_1_10' title="bbox 242 829 1756 896; baseline -0.004 -14"><span class='ocrx_word' id='word_1_61' title='bbox 242 836 530 883; x_wconf 88' lang='lat' dir='ltr'><strong>hominibus</strong></span> <span class='ocrx_word' id='word_1_62' title='bbox 578 852 607 881; x_wconf 89' lang='lat' dir='ltr'><strong>a</strong></span> <span class='ocrx_word' id='word_1_63' title='bbox 653 835 858 882; x_wconf 89' lang='lat' dir='ltr'><strong>domino</strong></span> <span class='ocrx_word' id='word_1_64' title='bbox 905 834 1021 890; x_wconf 93' lang='lat' dir='ltr'><strong>deo,</strong></span> <span class='ocrx_word' id='word_1_65' title='bbox 1067 850 1096 879; x_wconf 90' lang='lat' dir='ltr'><strong>a</strong></span> <span class='ocrx_word' id='word_1_66' title='bbox 1141 850 1242 896; x_wconf 94' lang='lat' dir='ltr'><strong>quo</strong></span> <span class='ocrx_word' id='word_1_67' title='bbox 1290 835 1448 878; x_wconf 88' lang='lat' dir='ltr'><strong>etiam</strong></span> <span class='ocrx_word' id='word_1_68' title='bbox 1492 829 1756 878; x_wconf 78' lang='lat' dir='ltr'><strong>tribulatio</strong></span> 
     </span>
     <span class='ocr_line' id='line_1_11' title="bbox 241 900 1758 964; baseline -0.004 -13"><span class='ocrx_word' id='word_1_69' title='bbox 241 905 549 951; x_wconf 83' lang='lat' dir='ltr'><strong>beneficium</strong></span> <span class='ocrx_word' id='word_1_70' title='bbox 580 910 657 949; x_wconf 87' lang='lat' dir='ltr'><strong>est</strong></span> <span class='ocrx_word' id='word_1_71' title='bbox 683 903 700 949; x_wconf 86' lang='lat'>?</span> <span class='ocrx_word' id='word_1_72' title='bbox 770 902 900 948; x_wconf 88' lang='lat' dir='ltr'><strong>Nam</strong></span> <span class='ocrx_word' id='word_1_73' title='bbox 930 918 1010 948; x_wconf 91' lang='lat' dir='ltr'><strong>res</strong></span> <span class='ocrx_word' id='word_1_74' title='bbox 1040 917 1283 964; x_wconf 89' lang='lat' dir='ltr'><strong>prospera</strong></span> <span class='ocrx_word' id='word_1_75' title='bbox 1313 900 1504 947; x_wconf 91' lang='lat' dir='ltr'><strong>donum</strong></span> <span class='ocrx_word' id='word_1_76' title='bbox 1533 905 1613 946; x_wconf 86' lang='lat' dir='ltr'><strong>est</strong></span> <span class='ocrx_word' id='word_1_77' title='bbox 1641 915 1758 945; x_wconf 90' lang='lat' dir='ltr'><strong>con-</strong></span> 
     </span>
     <span class='ocr_line' id='line_1_12' title="bbox 243 967 1756 1027; baseline -0.005 -8"><span class='ocrx_word' id='word_1_78' title='bbox 243 972 470 1027; x_wconf 88' lang='lat' dir='ltr'><strong>solantis,</strong></span> <span class='ocrx_word' id='word_1_79' title='bbox 506 988 586 1018; x_wconf 87' lang='lat' dir='ltr'><strong>res</strong></span> <span class='ocrx_word' id='word_1_80' title='bbox 625 977 801 1017; x_wconf 90' lang='lat' dir='ltr'><strong>autem</strong></span> <span class='ocrx_word' id='word_1_81' title='bbox 839 970 1052 1017; x_wconf 86' lang='lat' dir='ltr'><strong>adversa</strong></span> <span class='ocrx_word' id='word_1_82' title='bbox 1088 970 1279 1016; x_wconf 90' lang='lat' dir='ltr'><strong>donum</strong></span> <span class='ocrx_word' id='word_1_83' title='bbox 1316 975 1396 1015; x_wconf 87' lang='lat' dir='ltr'><strong>est</strong></span> <span class='ocrx_word' id='word_1_84' title='bbox 1432 967 1756 1014; x_wconf 86' lang='lat' dir='ltr'><strong>admonentis</strong></span> 
     </span>
     <span class='ocr_line' id='line_1_13' title="bbox 242 1034 1759 1101; baseline -0.005 -14"><span class='ocrx_word' id='word_1_85' title='bbox 242 1041 341 1088; x_wconf 86' lang='lat' dir='ltr'><strong>dei.</strong></span> <span class='ocrx_word' id='word_1_86' title='bbox 411 1040 481 1087; x_wconf 88' lang='lat' dir='ltr'><strong>Et</strong></span> <span class='ocrx_word' id='word_1_87' title='bbox 510 1043 550 1085; x_wconf 89' lang='lat' dir='ltr'><strong>si</strong></span> <span class='ocrx_word' id='word_1_88' title='bbox 578 1038 706 1085; x_wconf 87' lang='lat' dir='ltr'><strong>haec</strong></span> <span class='ocrx_word' id='word_1_89' title='bbox 734 1045 984 1101; x_wconf 82' lang='lat' dir='ltr'><strong>praestat,</strong></span> <span class='ocrx_word' id='word_1_90' title='bbox 1014 1045 1073 1084; x_wconf 90' lang='lat' dir='ltr'><strong>ut</strong></span> <span class='ocrx_word' id='word_1_91' title='bbox 1103 1038 1225 1093; x_wconf 83' lang='lat' dir='ltr'><strong>dixi,</strong></span> <span class='ocrx_word' id='word_1_92' title='bbox 1256 1040 1414 1083; x_wconf 88' lang='lat' dir='ltr'><strong>etiam</strong></span> <span class='ocrx_word' id='word_1_93' title='bbox 1441 1034 1605 1091; x_wconf 87' lang='lat' dir='ltr'><strong>malis,</strong></span> <span class='ocrx_word' id='word_1_94' title='bbox 1635 1034 1759 1098; x_wconf 93' lang='lat' dir='ltr'><strong>quid</strong></span> 
     </span>
     <span class='ocr_line' id='line_1_14' title="bbox 240 1105 1758 1172; baseline -0.004 -17"><span class='ocrx_word' id='word_1_95' title='bbox 240 1115 515 1172; x_wconf 86' lang='lat' dir='ltr'><strong>praeparat</strong></span> <span class='ocrx_word' id='word_1_96' title='bbox 541 1107 911 1153; x_wconf 88' lang='lat' dir='ltr'><strong>sustinentibus</strong></span> <span class='ocrx_word' id='word_1_97' title='bbox 936 1122 991 1153; x_wconf 92' lang='lat' dir='ltr'><strong>se</strong></span> <span class='ocrx_word' id='word_1_98' title='bbox 1015 1106 1034 1152; x_wconf 83' lang='lat'>?</span> <span class='ocrx_word' id='word_1_99' title='bbox 1103 1105 1333 1164; x_wconf 84' lang='lat' dir='ltr'><strong>Quorum</strong></span> <span class='ocrx_word' id='word_1_100' title='bbox 1356 1107 1409 1150; x_wconf 91' lang='lat' dir='ltr'><strong>in</strong></span> <span class='ocrx_word' id='word_1_101' title='bbox 1432 1119 1645 1150; x_wconf 90' lang='lat' dir='ltr'><strong>numero</strong></span> <span class='ocrx_word' id='word_1_102' title='bbox 1669 1118 1758 1149; x_wconf 90' lang='lat' dir='ltr'><strong>vos</strong></span> 
     </span>
     <span class='ocr_line' id='line_1_15' title="bbox 242 1172 1758 1240; baseline -0.003 -18"><span class='ocrx_word' id='word_1_103' title='bbox 242 1193 334 1240; x_wconf 91' lang='lat' dir='ltr'><strong>per</strong></span> <span class='ocrx_word' id='word_1_104' title='bbox 387 1175 517 1222; x_wconf 87' lang='lat' dir='ltr'><strong>illius</strong></span> <span class='ocrx_word' id='word_1_105' title='bbox 555 1178 775 1239; x_wconf 83' lang='lat' dir='ltr'><strong>gratiam</strong></span> <span class='ocrx_word' id='word_1_106' title='bbox 818 1180 1155 1238; x_wconf 85' lang='lat' dir='ltr'><strong>congregatos</strong></span> <span class='ocrx_word' id='word_1_107' title='bbox 1206 1189 1315 1219; x_wconf 90' lang='lat' dir='ltr'><strong>esse</strong></span> <span class='ocrx_word' id='word_1_108' title='bbox 1363 1172 1608 1236; x_wconf 85' lang='lat' dir='ltr'><strong>gaudete,</strong></span> <span class='ocrx_word' id='word_1_109' title='bbox 1656 1187 1758 1218; x_wconf 79' lang='lat' dir='ltr'><strong>sus-</strong></span> 
     </span>
     <span class='ocr_line' id='line_1_16' title="bbox 244 1238 1758 1297; baseline -0.003 -7"><span class='ocrx_word' id='word_1_110' title='bbox 244 1245 435 1291; x_wconf 78' lang='lat' dir='ltr'><strong>tinentes</strong></span> <span class='ocrx_word' id='word_1_111' title='bbox 470 1243 661 1290; x_wconf 73' lang='lat' dir='ltr'><strong>invicem</strong></span> <span class='ocrx_word' id='word_1_112' title='bbox 698 1242 747 1289; x_wconf 81' lang='lat' dir='ltr'><strong>in</strong></span> <span class='ocrx_word' id='word_1_113' title='bbox 777 1241 1033 1297; x_wconf 78' lang='lat' dir='ltr'><strong>dilectione,</strong></span> <span class='ocrx_word' id='word_1_114' title='bbox 1063 1240 1295 1288; x_wconf 72' lang='lat' dir='ltr'><strong>studentes</strong></span> <span class='ocrx_word' id='word_1_115' title='bbox 1325 1256 1510 1287; x_wconf 78' lang='lat' dir='ltr'><strong>servare</strong></span> <span class='ocrx_word' id='word_1_116' title='bbox 1537 1238 1758 1287; x_wconf 81' lang='lat' dir='ltr'><strong>unitatem</strong></span> 
     </span>
     <span class='ocr_line' id='line_1_17' title="bbox 244 1307 1756 1376; baseline -0.003 -18"><span class='ocrx_word' id='word_1_117' title='bbox 244 1312 437 1376; x_wconf 76' lang='lat' dir='ltr'><strong>spiritus</strong></span> <span class='ocrx_word' id='word_1_118' title='bbox 472 1311 520 1358; x_wconf 77' lang='lat' dir='ltr'><strong>in</strong></span> <span class='ocrx_word' id='word_1_119' title='bbox 563 1311 744 1358; x_wconf 74' lang='lat' dir='ltr'><strong>vinculo</strong></span> <span class='ocrx_word' id='word_1_120' title='bbox 773 1310 925 1374; x_wconf 77' lang='lat' dir='ltr'><strong>pacis.</strong></span> <span class='ocrx_word' id='word_1_121' title='bbox 997 1310 1112 1356; x_wconf 79' lang='lat' dir='ltr'><strong>Non</strong></span> <span class='ocrx_word' id='word_1_122' title='bbox 1149 1313 1285 1355; x_wconf 89' lang='lat' dir='ltr'><strong>enim</strong></span> <span class='ocrx_word' id='word_1_123' title='bbox 1321 1309 1487 1356; x_wconf 87' lang='lat' dir='ltr'><strong>deerit</strong></span> <span class='ocrx_word' id='word_1_124' title='bbox 1534 1307 1672 1371; x_wconf 92' lang='lat' dir='ltr'><strong>quod</strong></span> <span class='ocrx_word' id='word_1_125' title='bbox 1704 1309 1756 1352; x_wconf 91' lang='lat' dir='ltr'><strong>in</strong></span> 
     </span>
     <span class='ocr_line' id='line_1_18' title="bbox 241 1377 1757 1439; baseline -0.004 -13"><span class='ocrx_word' id='word_1_126' title='bbox 241 1381 380 1427; x_wconf 75' lang='lat' dir='ltr'><strong>vobis</strong></span> <span class='ocrx_word' id='word_1_127' title='bbox 412 1383 629 1425; x_wconf 75' lang='lat' dir='ltr'><strong>invicem</strong></span> <span class='ocrx_word' id='word_1_128' title='bbox 663 1378 933 1434; x_wconf 88' lang='lat' dir='ltr'><strong>sufferatis,</strong></span> <span class='ocrx_word' id='word_1_129' title='bbox 967 1381 1061 1424; x_wconf 90' lang='lat' dir='ltr'><strong>nisi</strong></span> <span class='ocrx_word' id='word_1_130' title='bbox 1094 1395 1210 1424; x_wconf 83' lang='lat' dir='ltr'><strong>cum</strong></span> <span class='ocrx_word' id='word_1_131' title='bbox 1242 1393 1330 1424; x_wconf 88' lang='lat' dir='ltr'><strong>vos</strong></span> <span class='ocrx_word' id='word_1_132' title='bbox 1361 1379 1437 1423; x_wconf 89' lang='lat' dir='ltr'><strong>ita</strong></span> <span class='ocrx_word' id='word_1_133' title='bbox 1466 1377 1757 1439; x_wconf 83' lang='lat' dir='ltr'><strong>portaverit</strong></span> 
     </span>
     <span class='ocr_line' id='line_1_19' title="bbox 241 1442 1757 1510; baseline -0.003 -16"><span class='ocrx_word' id='word_1_134' title='bbox 241 1450 473 1495; x_wconf 86' lang='lat' dir='ltr'><strong>dominus</strong></span> <span class='ocrx_word' id='word_1_135' title='bbox 523 1449 765 1510; x_wconf 80' lang='lat' dir='ltr'><strong>absorpta</strong></span> <span class='ocrx_word' id='word_1_136' title='bbox 816 1453 984 1493; x_wconf 92' lang='lat' dir='ltr'><strong>morte</strong></span> <span class='ocrx_word' id='word_1_137' title='bbox 1031 1449 1084 1492; x_wconf 91' lang='lat' dir='ltr'><strong>in</strong></span> <span class='ocrx_word' id='word_1_138' title='bbox 1131 1448 1413 1501; x_wconf 87' lang='lat' dir='ltr'><strong>victoriam,</strong></span> <span class='ocrx_word' id='word_1_139' title='bbox 1454 1451 1504 1491; x_wconf 81' lang='lat' dir='ltr'><strong>ut</strong></span> <span class='ocrx_word' id='word_1_140' title='bbox 1543 1443 1604 1491; x_wconf 79' lang='lat' dir='ltr'><strong>sit</strong></span> <span class='ocrx_word' id='word_1_141' title='bbox 1643 1442 1757 1490; x_wconf 75' lang='lat' dir='ltr'><strong>deus</strong></span> 
     </span>
     <span class='ocr_line' id='line_1_20' title="bbox 241 1514 717 1563; baseline -0.002 -1"><span class='ocrx_word' id='word_1_142' title='bbox 241 1516 395 1563; x_wconf 79' lang='lat' dir='ltr'><strong>omnia</strong></span> <span class='ocrx_word' id='word_1_143' title='bbox 420 1515 467 1562; x_wconf 80' lang='lat' dir='ltr'><strong>in</strong></span> <span class='ocrx_word' id='word_1_144' title='bbox 493 1514 717 1562; x_wconf 72' lang='lat' dir='ltr'><strong>omnibus.</strong></span> 
     </span>
    </p>

    <p class='ocr_par' dir='ltr' id='par_1_3' title="bbox 191 1578 1757 1986">
     <span class='ocr_line' id='line_1_21' title="bbox 191 1578 1756 1645; baseline -0.003 -15"><span class='ocrx_word' id='word_1_145' title='bbox 191 1591 215 1629; x_wconf 86' lang='lat'>2</span> <span class='ocrx_word' id='word_1_146' title='bbox 308 1585 662 1630; x_wconf 86' lang='lat' dir='ltr'><strong>Dissensiones</strong></span> <span class='ocrx_word' id='word_1_147' title='bbox 688 1590 863 1629; x_wconf 87' lang='lat' dir='ltr'><strong>autem</strong></span> <span class='ocrx_word' id='word_1_148' title='bbox 886 1598 1166 1645; x_wconf 87' lang='lat' dir='ltr'><strong>numquam</strong></span> <span class='ocrx_word' id='word_1_149' title='bbox 1191 1582 1385 1628; x_wconf 85' lang='lat' dir='ltr'><strong>debent</strong></span> <span class='ocrx_word' id='word_1_150' title='bbox 1409 1582 1582 1626; x_wconf 89' lang='lat' dir='ltr'><strong>amari.</strong></span> <span class='ocrx_word' id='word_1_151' title='bbox 1653 1578 1756 1626; x_wconf 91' lang='lat' dir='ltr'><strong>Sed</strong></span> 
     </span>
     <span class='ocr_line' id='line_1_22' title="bbox 241 1651 1755 1715; baseline -0.003 -18"><span class='ocrx_word' id='word_1_152' title='bbox 241 1652 512 1715; x_wconf 88' lang='lat' dir='ltr'><strong>aliquando</strong></span> <span class='ocrx_word' id='word_1_153' title='bbox 532 1659 710 1698; x_wconf 90' lang='lat' dir='ltr'><strong>tamen</strong></span> <span class='ocrx_word' id='word_1_154' title='bbox 730 1658 819 1697; x_wconf 88' lang='lat' dir='ltr'><strong>aut</strong></span> <span class='ocrx_word' id='word_1_155' title='bbox 839 1654 1054 1698; x_wconf 87' lang='lat' dir='ltr'><strong>caritate</strong></span> <span class='ocrx_word' id='word_1_156' title='bbox 1075 1656 1353 1696; x_wconf 85' lang='lat' dir='ltr'><strong>naseuntur</strong></span> <span class='ocrx_word' id='word_1_157' title='bbox 1373 1656 1463 1696; x_wconf 86' lang='lat' dir='ltr'><strong>aut</strong></span> <span class='ocrx_word' id='word_1_158' title='bbox 1482 1651 1755 1695; x_wconf 85' lang='lat' dir='ltr'><strong>caritatem</strong></span> 
     </span>
     <span class='ocr_line' id='line_1_23' title="bbox 239 1715 1752 1783; baseline -0.003 -17"><span class='ocrx_word' id='word_1_159' title='bbox 239 1722 474 1783; x_wconf 87' lang='lat' dir='ltr'><strong>probant.</strong></span> <span class='ocrx_word' id='word_1_160' title='bbox 547 1719 672 1778; x_wconf 80' lang='lat' dir='ltr'><strong>Quis</strong></span> <span class='ocrx_word' id='word_1_161' title='bbox 736 1722 872 1765; x_wconf 92' lang='lat' dir='ltr'><strong>enim</strong></span> <span class='ocrx_word' id='word_1_162' title='bbox 932 1717 1080 1764; x_wconf 83' lang='lat' dir='ltr'><strong>facile</strong></span> <span class='ocrx_word' id='word_1_163' title='bbox 1141 1721 1417 1773; x_wconf 85' lang='lat' dir='ltr'><strong>invenitur,</strong></span> <span class='ocrx_word' id='word_1_164' title='bbox 1479 1719 1566 1780; x_wconf 92' lang='lat' dir='ltr'><strong>qui</strong></span> <span class='ocrx_word' id='word_1_165' title='bbox 1627 1715 1752 1762; x_wconf 86' lang='lat' dir='ltr'><strong>velit</strong></span> 
     </span>
     <span class='ocr_line' id='line_1_24' title="bbox 242 1784 1756 1851; baseline -0.003 -17"><span class='ocrx_word' id='word_1_166' title='bbox 242 1787 550 1851; x_wconf 88' lang='lat' dir='ltr'><strong>reprehendi</strong></span> <span class='ocrx_word' id='word_1_167' title='bbox 575 1789 592 1834; x_wconf 65' lang='grc' dir='ltr'>ἓ</span> <span class='ocrx_word' id='word_1_168' title='bbox 661 1787 730 1833; x_wconf 90' lang='lat' dir='ltr'><strong>Et</strong></span> <span class='ocrx_word' id='word_1_169' title='bbox 758 1788 846 1833; x_wconf 89' lang='lat' dir='ltr'><strong>ubi</strong></span> <span class='ocrx_word' id='word_1_170' title='bbox 875 1794 953 1832; x_wconf 85' lang='lat' dir='ltr'><strong>est.</strong></span> <span class='ocrx_word' id='word_1_171' title='bbox 980 1786 1063 1832; x_wconf 89' lang='lat' dir='ltr'><strong>ille</strong></span> <span class='ocrx_word' id='word_1_172' title='bbox 1093 1789 1312 1849; x_wconf 88' lang='lat' dir='ltr'><strong>sapiens,</strong></span> <span class='ocrx_word' id='word_1_173' title='bbox 1340 1786 1404 1832; x_wconf 93' lang='lat' dir='ltr'><strong>de</strong></span> <span class='ocrx_word' id='word_1_174' title='bbox 1433 1801 1534 1848; x_wconf 91' lang='lat' dir='ltr'><strong>quo</strong></span> <span class='ocrx_word' id='word_1_175' title='bbox 1562 1784 1756 1831; x_wconf 87' lang='lat' dir='ltr'><strong>dictum</strong></span> 
     </span>
     <span class='ocr_line' id='line_1_25' title="bbox 243 1853 1757 1919; baseline -0.003 -17"><span class='ocrx_word' id='word_1_176' title='bbox 243 1864 321 1903; x_wconf 86' lang='lat' dir='ltr'><strong>est</strong></span> <span class='ocrx_word' id='word_1_177' title='bbox 348 1874 356 1903; x_wconf 92' lang='lat'><strong>:</strong></span> <span class='ocrx_word' id='word_1_178' title='bbox 398 1856 589 1919; x_wconf 81' lang='lat' dir='ltr'><strong>Corripe</strong></span> <span class='ocrx_word' id='word_1_179' title='bbox 608 1855 859 1919; x_wconf 78' lang='lat' dir='ltr'><strong>sapientem</strong></span> <span class='ocrx_word' id='word_1_180' title='bbox 880 1860 922 1901; x_wconf 90' lang='lat' dir='ltr'><strong>et</strong></span> <span class='ocrx_word' id='word_1_181' title='bbox 946 1853 1120 1901; x_wconf 80' lang='lat' dir='ltr'><strong>amabit</strong></span> <span class='ocrx_word' id='word_1_182' title='bbox 1147 1861 1188 1900; x_wconf 80' lang='lat' dir='ltr'><strong>te</strong></span> <span class='ocrx_word' id='word_1_183' title='bbox 1212 1855 1230 1900; x_wconf 89' lang='lat'>?</span> <span class='ocrx_word' id='word_1_184' title='bbox 1299 1853 1561 1916; x_wconf 84' lang='lat' dir='ltr'><strong>Numquid</strong></span> <span class='ocrx_word' id='word_1_185' title='bbox 1580 1859 1757 1899; x_wconf 90' lang='lat' dir='ltr'><strong>tamen</strong></span> 
     </span>
     <span class='ocr_line' id='line_1_26' title="bbox 243 1919 1756 1986; baseline -0.003 -16"><span class='ocrx_word' id='word_1_186' title='bbox 243 1925 359 1972; x_wconf 90' lang='lat' dir='ltr'><strong>ideo</strong></span> <span class='ocrx_word' id='word_1_187' title='bbox 382 1941 484 1971; x_wconf 89' lang='lat' dir='ltr'><strong>non</strong></span> <span class='ocrx_word' id='word_1_188' title='bbox 506 1924 753 1971; x_wconf 90' lang='lat' dir='ltr'><strong>debemus</strong></span> <span class='ocrx_word' id='word_1_189' title='bbox 774 1921 1152 1986; x_wconf 90' lang='lat' dir='ltr'><strong>reprehendere</strong></span> <span class='ocrx_word' id='word_1_190' title='bbox 1177 1929 1230 1968; x_wconf 90' lang='lat' dir='ltr'><strong>et</strong></span> <span class='ocrx_word' id='word_1_191' title='bbox 1252 1925 1503 1984; x_wconf 89' lang='lat' dir='ltr'><strong>corripere</strong></span> <span class='ocrx_word' id='word_1_192' title='bbox 1525 1919 1756 1977; x_wconf 90' lang='lat' dir='ltr'><strong>fratrem,</strong></span> 
     </span>
    </p>
   </div>
   <div class='ocr_carea' id='block_1_3' title="bbox 243 2048 1757 2593">
    <p class='ocr_par' dir='ltr' id='par_1_4' title="bbox 307 2048 1562 2091">
     <span class='ocr_line' id='line_1_27' title="bbox 307 2048 1562 2091; baseline -0.002 0"><span class='ocrx_word' id='word_1_193' title='bbox 307 2057 323 2075; x_wconf 84' lang='lat'><strong>‘¹</strong></span> <span class='ocrx_word' id='word_1_194' title='bbox 362 2051 493 2091; x_wconf 77' lang='lat' dir='ltr'><strong>Matt.</strong></span> <span class='ocrx_word' id='word_1_195' title='bbox 518 2052 576 2091; x_wconf 90' lang='lat' dir='ltr'><strong>iii.</strong></span> <span class='ocrx_word' id='word_1_196' title='bbox 602 2054 640 2091; x_wconf 86' lang='lat'><strong>7.</strong></span> <span class='ocrx_word' id='word_1_197' title='bbox 1238 2048 1253 2073; x_wconf 57' lang='grc' dir='ltr'>ὁ</span> <span class='ocrx_word' id='word_1_198' title='bbox 1287 2049 1408 2090; x_wconf 80' lang='lat' dir='ltr'><strong>Matt</strong></span> <span class='ocrx_word' id='word_1_199' title='bbox 1428 2062 1468 2088; x_wconf 87' lang='lat' dir='ltr'><strong>v.</strong></span> <span class='ocrx_word' id='word_1_200' title='bbox 1491 2050 1562 2088; x_wconf 67' lang='lat'><strong>525.</strong></span> 
     </span>
    </p>

    <p class='ocr_par' dir='ltr' id='par_1_5' title="bbox 245 2104 1757 2375">
     <span class='ocr_line' id='line_1_28' title="bbox 305 2104 1755 2157; baseline -0.003 -11"><span class='ocrx_word' id='word_1_201' title='bbox 305 2112 319 2130; x_wconf 78' lang='lat'>⁰</span> <span class='ocrx_word' id='word_1_202' title='bbox 350 2107 390 2146; x_wconf 83' lang='lat' dir='ltr'><strong>A</strong></span> <span class='ocrx_word' id='word_1_203' title='bbox 409 2104 657 2157; x_wconf 79' lang='lat' dir='ltr'><strong>Scriptural</strong></span> <span class='ocrx_word' id='word_1_204' title='bbox 676 2105 861 2157; x_wconf 89' lang='lat' dir='ltr'><strong>phrase:</strong></span> <span class='ocrx_word' id='word_1_205' title='bbox 893 2105 964 2145; x_wconf 92' lang='lat' dir='ltr'><strong>Ps.</strong></span> <span class='ocrx_word' id='word_1_206' title='bbox 987 2106 1101 2145; x_wconf 82' lang='lat' dir='ltr'><strong>xxvi.</strong></span> <span class='ocrx_word' id='word_1_207' title='bbox 1128 2108 1178 2145; x_wconf 82' lang='lat'><strong>14</strong></span> <span class='ocrx_word' id='word_1_208' title='bbox 1199 2105 1224 2120; x_wconf 90' lang='lat'>“</span> <span class='ocrx_word' id='word_1_209' title='bbox 1238 2104 1513 2144; x_wconf 84' lang='lat' dir='ltr'><strong>confortetur</strong></span> <span class='ocrx_word' id='word_1_210' title='bbox 1531 2115 1607 2143; x_wconf 91' lang='lat' dir='ltr'><strong>cor</strong></span> <span class='ocrx_word' id='word_1_211' title='bbox 1625 2105 1755 2142; x_wconf 91' lang='lat' dir='ltr'><strong>tuum</strong></span> 
     </span>
     <span class='ocr_line' id='line_1_29' title="bbox 246 2158 1752 2210; baseline -0.003 -10"><span class='ocrx_word' id='word_1_212' title='bbox 246 2164 289 2200; x_wconf 78' lang='lat' dir='ltr'><strong>et</strong></span> <span class='ocrx_word' id='word_1_213' title='bbox 311 2162 477 2200; x_wconf 79' lang='lat' dir='ltr'><strong>sustine</strong></span> <span class='ocrx_word' id='word_1_214' title='bbox 498 2160 747 2210; x_wconf 82' lang='lat' dir='ltr'><strong>Dominum</strong></span> <span class='ocrx_word' id='word_1_215' title='bbox 767 2160 817 2206; x_wconf 88' lang='lat'><strong>&#39;&#39;;</strong></span> <span class='ocrx_word' id='word_1_216' title='bbox 852 2159 1000 2200; x_wconf 85' lang='lat' dir='ltr'><strong>Isaiah</strong></span> <span class='ocrx_word' id='word_1_217' title='bbox 1021 2173 1119 2199; x_wconf 81' lang='lat' dir='ltr'><strong>xxv.</strong></span> <span class='ocrx_word' id='word_1_218' title='bbox 1143 2162 1168 2200; x_wconf 89' lang='lat'>9</span> <span class='ocrx_word' id='word_1_219' title='bbox 1199 2159 1321 2199; x_wconf 84' lang='lat' dir='ltr'><strong>“iste</strong></span> <span class='ocrx_word' id='word_1_220' title='bbox 1345 2158 1592 2203; x_wconf 80' lang='lat' dir='ltr'><strong>Dominus;</strong></span> <span class='ocrx_word' id='word_1_221' title='bbox 1622 2158 1752 2197; x_wconf 86' lang='lat' dir='ltr'><strong>susti-</strong></span> 
     </span>
     <span class='ocr_line' id='line_1_30' title="bbox 246 2211 1757 2266; baseline -0.003 -11"><span class='ocrx_word' id='word_1_222' title='bbox 246 2217 425 2255; x_wconf 86' lang='lat' dir='ltr'><strong>nuimus</strong></span> <span class='ocrx_word' id='word_1_223' title='bbox 446 2214 596 2262; x_wconf 86' lang='lat' dir='ltr'><strong>eum‚”</strong></span> <span class='ocrx_word' id='word_1_224' title='bbox 617 2219 697 2255; x_wconf 87' lang='lat' dir='ltr'><strong>etc.</strong></span> <span class='ocrx_word' id='word_1_225' title='bbox 749 2215 1003 2266; x_wconf 81' lang='lat' dir='ltr'><strong>Augustine</strong></span> <span class='ocrx_word' id='word_1_226' title='bbox 1024 2213 1154 2266; x_wconf 67' lang='lat' dir='ltr'><strong>plays</strong></span> <span class='ocrx_word' id='word_1_227' title='bbox 1174 2226 1231 2253; x_wconf 92' lang='lat' dir='ltr'><strong>on</strong></span> <span class='ocrx_word' id='word_1_228' title='bbox 1251 2213 1327 2253; x_wconf 88' lang='lat' dir='ltr'><strong>the</strong></span> <span class='ocrx_word' id='word_1_229' title='bbox 1345 2216 1433 2253; x_wconf 82' lang='lat' dir='ltr'><strong>two</strong></span> <span class='ocrx_word' id='word_1_230' title='bbox 1453 2213 1687 2264; x_wconf 83' lang='lat' dir='ltr'><strong>meanings</strong></span> <span class='ocrx_word' id='word_1_231' title='bbox 1707 2211 1757 2252; x_wconf 91' lang='lat' dir='ltr'><strong>of</strong></span> 
     </span>
     <span class='ocr_line' id='line_1_31' title="bbox 246 2265 1754 2320; baseline -0.003 -11"><span class='ocrx_word' id='word_1_232' title='bbox 246 2271 476 2318; x_wconf 72' lang='lat' dir='ltr'><strong>sustinere,</strong></span> <span class='ocrx_word' id='word_1_233' title='bbox 497 2270 521 2285; x_wconf 87' lang='lat'>“</span> <span class='ocrx_word' id='word_1_234' title='bbox 538 2273 583 2309; x_wconf 84' lang='lat' dir='ltr'><strong>to</strong></span> <span class='ocrx_word' id='word_1_235' title='bbox 604 2270 708 2308; x_wconf 81' lang='lat' dir='ltr'><strong>wait</strong></span> <span class='ocrx_word' id='word_1_236' title='bbox 728 2268 797 2309; x_wconf 91' lang='lat' dir='ltr'><strong>for</strong></span> <span class='ocrx_word' id='word_1_237' title='bbox 817 2268 1005 2320; x_wconf 88' lang='lat' dir='ltr'><strong>(God)‚&#39;’</strong></span> <span class='ocrx_word' id='word_1_238' title='bbox 1024 2268 1114 2308; x_wconf 84' lang='lat' dir='ltr'><strong>and</strong></span> <span class='ocrx_word' id='word_1_239' title='bbox 1137 2268 1162 2284; x_wconf 89' lang='lat'>“</span> <span class='ocrx_word' id='word_1_240' title='bbox 1178 2272 1224 2308; x_wconf 92' lang='lat' dir='ltr'><strong>to</strong></span> <span class='ocrx_word' id='word_1_241' title='bbox 1239 2267 1407 2307; x_wconf 91' lang='lat' dir='ltr'><strong>endure</strong></span> <span class='ocrx_word' id='word_1_242' title='bbox 1427 2266 1568 2318; x_wconf 90' lang='lat' dir='ltr'><strong>(one&#39;s</strong></span> <span class='ocrx_word' id='word_1_243' title='bbox 1587 2265 1754 2306; x_wconf 88' lang='lat' dir='ltr'><strong>fellow-</strong></span> 
     </span>
     <span class='ocr_line' id='line_1_32' title="bbox 245 2321 1636 2375; baseline -0.002 -12"><span class='ocrx_word' id='word_1_244' title='bbox 245 2323 413 2375; x_wconf 84' lang='lat' dir='ltr'><strong>men).”</strong></span> <span class='ocrx_word' id='word_1_245' title='bbox 617 2323 635 2347; x_wconf 62' lang='grc' dir='ltr'><em>α</em></span> <span class='ocrx_word' id='word_1_246' title='bbox 668 2322 784 2374; x_wconf 80' lang='lat' dir='ltr'><strong>Eph.</strong></span> <span class='ocrx_word' id='word_1_247' title='bbox 809 2324 865 2363; x_wconf 83' lang='lat' dir='ltr'><strong>iv.</strong></span> <span class='ocrx_word' id='word_1_248' title='bbox 887 2325 976 2363; x_wconf 68' lang='lat'><strong>2-3.</strong></span> <span class='ocrx_word' id='word_1_249' title='bbox 1165 2328 1180 2346; x_wconf 74' lang='lat'><em>⁰</em></span> <span class='ocrx_word' id='word_1_250' title='bbox 1217 2326 1232 2362; x_wconf 94' lang='lat'>1</span> <span class='ocrx_word' id='word_1_251' title='bbox 1261 2321 1360 2362; x_wconf 89' lang='lat' dir='ltr'><strong>Cor.</strong></span> <span class='ocrx_word' id='word_1_252' title='bbox 1384 2335 1453 2362; x_wconf 84' lang='lat' dir='ltr'><strong>xv.</strong></span> <span class='ocrx_word' id='word_1_253' title='bbox 1477 2323 1548 2368; x_wconf 82' lang='lat'><strong>54,</strong></span> <span class='ocrx_word' id='word_1_254' title='bbox 1565 2322 1636 2360; x_wconf 70' lang='lat'><strong>28.</strong></span> 
     </span>
    </p>

    <p class='ocr_par' dir='ltr' id='par_1_6' title="bbox 243 2373 1753 2593">
     <span class='ocr_line' id='line_1_33' title="bbox 304 2373 1753 2418; baseline -0.003 0"><span class='ocrx_word' id='word_1_255' title='bbox 304 2379 321 2405; x_wconf 79' lang='lat' dir='ltr'><strong><em>f</em></strong></span> <span class='ocrx_word' id='word_1_256' title='bbox 364 2377 449 2418; x_wconf 66' lang='lat' dir='ltr'><strong>Ubi</strong></span> <span class='ocrx_word' id='word_1_257' title='bbox 485 2383 545 2418; x_wconf 72' lang='lat' dir='ltr'><strong>est</strong></span> <span class='ocrx_word' id='word_1_258' title='bbox 579 2408 588 2418; x_wconf 92' lang='lat'><strong>.</strong></span> <span class='ocrx_word' id='word_1_259' title='bbox 624 2408 633 2418; x_wconf 89' lang='lat'><strong>.</strong></span> <span class='ocrx_word' id='word_1_260' title='bbox 669 2380 716 2417; x_wconf 68' lang='grc' dir='ltr'><strong>..Ρ</strong></span> <span class='ocrx_word' id='word_1_261' title='bbox 751 2391 777 2417; x_wconf 90' lang='grc'><strong>3</strong></span> <span class='ocrx_word' id='word_1_262' title='bbox 814 2390 1023 2417; x_wconf 86' lang='lat' dir='ltr'><strong>common</strong></span> <span class='ocrx_word' id='word_1_263' title='bbox 1071 2375 1306 2417; x_wconf 88' lang='lat' dir='ltr'><strong>rhetorical</strong></span> <span class='ocrx_word' id='word_1_264' title='bbox 1351 2374 1547 2416; x_wconf 86' lang='lat' dir='ltr'><strong>formula</strong></span> <span class='ocrx_word' id='word_1_265' title='bbox 1582 2376 1629 2414; x_wconf 89' lang='lat' dir='ltr'><strong>in</strong></span> <span class='ocrx_word' id='word_1_266' title='bbox 1663 2373 1753 2414; x_wconf 86' lang='lat' dir='ltr'><strong>late</strong></span> 
     </span>
     <span class='ocr_line' id='line_1_34' title="bbox 247 2430 1753 2487; baseline -0.002 -16"><span class='ocrx_word' id='word_1_267' title='bbox 247 2431 624 2487; x_wconf 24' lang='lat' dir='ltr'><strong>Latin,&#39;perhaps</strong></span> <span class='ocrx_word' id='word_1_268' title='bbox 659 2431 838 2472; x_wconf 82' lang='lat' dir='ltr'><strong>derived</strong></span> <span class='ocrx_word' id='word_1_269' title='bbox 872 2432 988 2471; x_wconf 90' lang='lat' dir='ltr'><strong>from</strong></span> <span class='ocrx_word' id='word_1_270' title='bbox 1023 2431 1098 2471; x_wconf 88' lang='lat' dir='ltr'><strong>the</strong></span> <span class='ocrx_word' id='word_1_271' title='bbox 1131 2431 1462 2478; x_wconf 74' lang='lat' dir='ltr'><strong>controversiae,</strong></span> <span class='ocrx_word' id='word_1_272' title='bbox 1496 2430 1673 2481; x_wconf 88' lang='lat' dir='ltr'><strong>serving</strong></span> <span class='ocrx_word' id='word_1_273' title='bbox 1706 2432 1753 2468; x_wconf 86' lang='lat' dir='ltr'><strong>to</strong></span> 
     </span>
     <span class='ocr_line' id='line_1_35' title="bbox 246 2481 1752 2538; baseline -0.003 -12"><span class='ocrx_word' id='word_1_274' title='bbox 246 2486 477 2526; x_wconf 83' lang='lat' dir='ltr'><strong>introduce</strong></span> <span class='ocrx_word' id='word_1_275' title='bbox 513 2488 692 2538; x_wconf 84' lang='lat' dir='ltr'><strong>against</strong></span> <span class='ocrx_word' id='word_1_276' title='bbox 726 2499 785 2525; x_wconf 91' lang='lat' dir='ltr'><strong>an</strong></span> <span class='ocrx_word' id='word_1_277' title='bbox 821 2490 1050 2538; x_wconf 84' lang='lat' dir='ltr'><strong>opponent</strong></span> <span class='ocrx_word' id='word_1_278' title='bbox 1084 2498 1111 2525; x_wconf 88' lang='grc'><strong>3</strong></span> <span class='ocrx_word' id='word_1_279' title='bbox 1146 2484 1254 2525; x_wconf 84' lang='lat' dir='ltr'><strong>final</strong></span> <span class='ocrx_word' id='word_1_280' title='bbox 1289 2484 1379 2524; x_wconf 91' lang='lat' dir='ltr'><strong>and</strong></span> <span class='ocrx_word' id='word_1_281' title='bbox 1415 2481 1752 2524; x_wconf 86' lang='lat' dir='ltr'><strong>unanswerable</strong></span> 
     </span>
     <span class='ocr_line' id='line_1_36' title="bbox 243 2535 1752 2593; baseline -0.002 -13"><span class='ocrx_word' id='word_1_282' title='bbox 243 2545 496 2593; x_wconf 84' lang='lat' dir='ltr'><strong>argument,</strong></span> <span class='ocrx_word' id='word_1_283' title='bbox 524 2540 687 2580; x_wconf 86' lang='lat' dir='ltr'><strong>almost</strong></span> <span class='ocrx_word' id='word_1_284' title='bbox 713 2540 881 2592; x_wconf 68' lang='lat' dir='ltr'><strong>always</strong></span> <span class='ocrx_word' id='word_1_285' title='bbox 907 2540 1023 2581; x_wconf 87' lang='lat' dir='ltr'><strong>from</strong></span> <span class='ocrx_word' id='word_1_286' title='bbox 1053 2539 1294 2593; x_wconf 86' lang='lat' dir='ltr'><strong>Scripture.</strong></span> <span class='ocrx_word' id='word_1_287' title='bbox 1353 2538 1436 2580; x_wconf 88' lang='lat' dir='ltr'><strong>See</strong></span> <span class='ocrx_word' id='word_1_288' title='bbox 1462 2551 1522 2579; x_wconf 86' lang='lat' dir='ltr'><strong>an</strong></span> <span class='ocrx_word' id='word_1_289' title='bbox 1549 2535 1752 2589; x_wconf 86' lang='lat' dir='ltr'><strong>example</strong></span> 
     </span>
    </p>
   </div>
   <div class='ocr_carea' id='block_1_4' title="bbox 247 2609 344 2655">
    <p class='ocr_par' dir='ltr' id='par_1_7' title="bbox 247 2609 344 2655">
     <span class='ocr_line' id='line_1_37' title="bbox 247 2609 344 2655; baseline -0.01 -2"><span class='ocrx_word' id='word_1_290' title='bbox 247 2609 344 2655; x_wconf 81' lang='grc'><strong>370</strong></span> 
     </span>
    </p>
   </div>
  </div>
 </body>
</html>
