1866 2964
766 159 858 207 ST.
896 159 1305 208 AUGUSTI-NE

279 291 423 349 Iocus,
454 291 544 348 exi,
575 294 760 355 inquit,
792 291 839 338 in
873 291 975 338 vias
1011 298 1053 338 et
1088 308 1252 356 saepes
1281 298 1324 338 et
1352 291 1571 356 compelle
1599 289 1790 338 intrare.

280 360 622 423 Quapropter,
640 363 680 406 si
701 359 1030 406 ambularetis
1052 363 1214 423 quieti
1231 367 1379 406 extra
1395 358 1491 406 hoc
1507 362 1792 407 convivium

279 435 486 475 sanctae
525 431 737 474 unitatis
777 427 1038 483 ecclesiae,
1075 435 1343 491 tamquam
1377 431 1431 474 in
1466 431 1557 474 viis
1594 443 1681 474 vos
1717 430 1792 474 in-

280 499 567 543 veniremus
588 511 599 551 ;
637 512 772 542 nunc
799 512 936 551 vero,
963 498 1082 559 quia
1106 512 1198 558 per
1222 495 1386 542 multa
1404 495 1540 542 mala
1560 502 1615 542 et
1639 508 1792 542 saeva

279 580 411 627 quae
463 566 516 609 in
568 571 765 610 nostros
818 566 1157 619 committitis,
1208 570 1477 626 tamquam
1528 566 1683 626 spinis
1736 569 1791 610 et

279 634 559 694 asperitate
610 630 750 693 pleni
801 634 941 687 estis,
993 648 1079 677 vos
1131 638 1399 695 tamquam
1448 634 1503 678 in
1552 631 1790 693 saepibus

279 702 564 746 invenimus
593 706 645 745 et
670 701 862 746 intrare
889 698 1253 762 compellimus.
1325 698 1427 758 Qui
1451 698 1789 762 compellitur,

279 785 378 830 quo
404 784 505 813 non
531 766 639 813 vult
665 770 880 830 cogitur,
906 767 1014 822 sed,
1040 784 1155 813 cum
1180 770 1465 823 intraverit,
1490 770 1592 813 iam
1616 765 1790 813 volens

277 838 516 897 pascitur.
587 833 780 881 Cohibe
810 838 987 898 itaque
1017 838 1119 880 iam
1148 838 1381 898 iniquum
1411 841 1465 882 et
1493 838 1790 897 inpacatum

279 907 521 958 animum,
548 909 606 949 ut
635 905 688 948 in
714 919 833 949 vera
861 901 1072 949 ecclesia
1100 902 1286 949 Christi
1312 905 1539 950 invenias
1567 901 1789 950 salutare

276 987 575 1017 conwwum.

716 1144 810 1190 No.
839 1150 899 1191 40
923 1144 1039 1208 (Ep.
1068 1143 1350 1208 CLXXIW

277 1253 539 1295 DOMINO
586 1252 971 1294 BEATISSIMO
1011 1254 1088 1294 ET
1128 1253 1580 1295 SINCERISSIMA
1620 1253 1790 1296 CARI·

409 1318 570 1359 TATE
592 1317 990 1359 VENERANDO
1014 1317 1259 1360 SANCTO
1281 1319 1512 1359 FRATRI
1536 1320 1612 1360 ET
1642 1318 1786 1360 CON-

416 1382 768 1424 SACERDOTI
806 1382 1009 1423 PAPAE
1049 1383 1336 1424 AURELIO
1375 1382 1788 1426 AUGUSTINUS

419 1448 485 1488 IN
519 1446 779 1488 DOMINO
813 1447 1112 1488 SALUTEM

343 1567 424 1613 De
446 1569 698 1622 trinitate,
721 1582 853 1629 quae
876 1566 1001 1612 deus
1023 1583 1250 1614 summus
1274 1574 1328 1614 et
1349 1584 1496 1614 verus
1519 1575 1616 1625 est,
1635 1567 1788 1615 libros

282 1637 477 1681 iuvenis
527 1633 776 1689 inchoavi,
827 1650 985 1680 senex
1037 1635 1187 1681 edidi.
1259 1635 1546 1682 Omiseram
1595 1639 1786 1700 quippe

277 1702 371 1749 hoc
401 1719 545 1765 opus,
575 1709 914 1765 posteaquam
944 1706 1166 1765 comperi
1195 1710 1494 1766 praereptos
1523 1703 1648 1750 mihi
1678 1720 1788 1752 esse

275 1774 379 1817 sive
429 1771 716 1833 subreptos,
766 1777 1046 1833 antequam
1106 1787 1190 1817 eos
1245 1771 1561 1818 absolverem
1611 1779 1665 1819 et
1712 1788 1790 1819 re-

275 1845 541 1894 tractatos,
567 1845 625 1884 ut
653 1854 770 1884 mea
803 1838 1065 1900 dispositio
1096 1837 1282 1894 fuerat,
1309 1839 1603 1902 expolirem.
1674 1839 1790 1887 Non

278 1910 413 1953 enim
449 1905 761 1969 singillatim,
788 1906 880 1952 sed
914 1922 1090 1952 omnes
1121 1906 1269 1953 simul
1306 1907 1459 1954 edere
1496 1924 1558 1954 ea
1589 1911 1788 1955 ratione

275 1975 620 2030 decreveram,
661 1976 902 2037 quoniam
944 1974 1373 2036 praecedentibus
1413 1983 1787 2039 consequentes

274 2045 601 2106 inquisitione
647 2041 946 2105 proficiente
991 2049 1285 2090 nectuntur.
1355 2042 1485 2090 Cum
1531 2060 1653 2108 ergo
1696 2059 1790 2107 per

344 2167 361 2186 ⁰
392 2161 486 2202 The
502 2161 597 2202 title
609 2174 733 2213 papa
750 2174 840 2201 was
858 2160 1037 2213 applied
1054 2165 1100 2202 to
1118 2161 1177 2202 all
1193 2161 1375 2215 bishops
1392 2162 1789 2215 indiscriminately

283 2217 400 2257 from
429 2217 504 2257 the
532 2216 651 2256 third
679 2220 865 2268 century
894 2215 1006 2256 until
1035 2216 1110 2256 the
1139 2217 1282 2265 ninth,
1311 2217 1401 2258 and
1429 2217 1536 2270 only
1562 2218 1670 2260 then
1697 2231 1789 2259 was

281 2270 482 2311 reserved
509 2275 555 2311 to
582 2270 656 2311 the
683 2270 843 2322 bishop
870 2271 921 2310 of
945 2270 1088 2311 Rome
1113 2270 1203 2321 (see
1232 2270 1279 2312 P.
1308 2271 1363 2312 de
1391 2271 1615 2314 Labriolle
1640 2274 1687 2313 in
1711 2272 1788 2313 the

279 2326 482 2365 Bulletin
507 2325 579 2365 Du
608 2324 768 2377 Canye,
794 2329 825 2365 t.
850 2326 904 2365 iv.
927 2338 1003 2377 pp.
1025 2326 1189 2378 65-75).
1245 2325 1333 2367 For
1355 2326 1564 2368 Aurelius
1588 2341 1660 2368 see
1685 2331 1788 2368 note

283 2382 579 2474 onprssg.De
615 2433 651 2473 T
649 2434 832 2473 rinitate
864 2446 954 2473 was
986 2431 1138 2486 begun
1171 2433 1310 2475 about
1340 2437 1439 2483 400,
1471 2434 1554 2477 but
1583 2435 1660 2477 the
1691 2435 1787 2476 first

278 2487 434 2529 twelve
461 2487 605 2529 books
633 2488 801 2540 having
827 2486 939 2528 been
968 2487 1206 2539 published
1233 2489 1422 2530 without
1448 2489 1516 2530 his
1543 2491 1786 2542 authority,

280 2545 313 2584 it
337 2556 428 2583 was
454 2548 529 2584 not
556 2542 669 2583 until
693 2546 792 2590 416,
819 2544 864 2582 in
890 2555 1099 2594 response
1124 2547 1170 2584 to
1195 2543 1362 2584 several
1386 2549 1548 2597 urgent
1571 2549 1785 2598 requests,

282 2615 378 2655 302
