1866 2964
745 205 835 251 ST.
875 204 1284 251 AL'GUSTINE

255 337 433 383 malles
465 354 574 383 esse
605 336 818 383 facetior
849 353 1002 399 quam
1031 339 1274 398 paratior,
1303 339 1557 382 incertum
1585 333 1768 382 habeo.

256 424 423 470 Primo
453 427 588 470 enim
617 422 825 485 Olympi
852 425 1040 468 montis
1070 429 1123 468 et
1150 420 1245 468 fori
1273 425 1428 468 vestri
1455 423 1770 484 comparatio

256 508 393 555 facta
434 516 530 564 est,
571 525 702 571 quae
744 511 913 554 nescio
954 524 1054 570 quo
1092 510 1419 569 pertinuerit,
1457 510 1553 553 nisi
1591 513 1650 553 ut
1687 520 1771 552 me

257 593 723 641 commonefaceret.
760 600 813 639 et
849 596 901 638 in
936 592 1020 639 1110
1056 599 1233 639 monte
1272 592 1447 639 Iovem
1481 599 1649 639 castra
1682 609 1771 654 po-

256 685 432 736 suisse,
466 698 581 727 cum
617 681 857 727 adversus
890 686 1094 742 patrem
1127 678 1318 725 bellum
1352 685 1577 742 gereret,
1610 685 1669 725 ut
1711 695 1772 725 ea

257 768 407 814 docet
438 765 667 821 historia,
700 782 854 829 quam
885 767 1040 811 vestri
1073 767 1230 810 etiam
1260 781 1455 811 sacram
1486 770 1689 820 vocant,
1719 770 1774 810 et

255 856 306 898 in
326 856 424 898 isto
445 851 554 898 foro
575 851 869 898 recordarer
891 867 1001 897 esse
1022 853 1074 895 in
1096 851 1294 897 duobus
1315 845 1592 896 simulacris
1613 845 1771 896 unum

258 939 486 985 Martem
535 939 749 993 nudum,
797 937 1016 984 alterum
1071 943 1344 993 armatum,
1391 953 1606 1000 quorum
1653 937 1772 984 dae-

255 1028 481 1071 monium
506 1022 893 1070 infestissimum
924 1023 1114 1069 civibus
1139 1024 1386 1084 porrectis
1411 1022 1574 1068 tribus
1600 1021 1775 1085 digitis

254 1118 431 1157 contra
450 1109 713 1156 conlocata
734 1116 907 1155 statua
927 1107 1150 1154 humana
1171 1111 1547 1171 comprimeret.
1613 1108 1772 1172 Ergo-

255 1214 319 1242 ne
371 1212 615 1259 umquam
667 1211 762 1258 ego
817 1194 1121 1240 crediderim
1174 1196 1438 1240 mentione
1490 1192 1622 1240 illius
1676 1192 1771 1240 fori

255 1281 394 1328 facta
428 1284 695 1327 numinum
729 1279 910 1326 talium
944 1283 1245 1325 memoriam
1278 1278 1402 1325 mihi
1435 1286 1490 1326 te
1523 1295 1771 1326 renovare

254 1367 488 1422 voluisse,
508 1369 602 1412 nisi
619 1369 773 1412 iocari
788 1368 958 1428 potius
976 1381 1130 1428 quam
1150 1367 1280 1410 serie
1299 1380 1452 1429 agere
1468 1363 1732 1411 maluisses
1752 1364 1771 1410 ?

255 1452 356 1499 Sed
385 1452 509 1499 illud
538 1451 708 1514 plane,
740 1451 877 1514 quod
906 1450 1036 1497 tales
1067 1451 1188 1497 deos
1221 1450 1474 1513 quaedam
1506 1450 1590 1497 dei
1620 1453 1768 1497 unius

255 1542 428 1602 magni
457 1539 687 1584 membra
718 1554 827 1583 esse
859 1537 1050 1592 dixisti,
1081 1537 1350 1592 admoneo,
1380 1539 1499 1599 quia
1528 1537 1770 1600 dignaris,

257 1631 313 1670 ut
355 1624 419 1669 ab
459 1622 607 1669 huius
647 1622 786 1668 modi
825 1620 1081 1684 sacrilegis
1122 1619 1320 1667 facetiis
1361 1628 1415 1668 te
1455 1637 1768 1685 magnopere

257 1710 530 1755 abstineas.
601 1707 649 1754 Si
693 1708 901 1782 quidem
942 1706 1083 1753 illum
1125 1707 1280 1753 deum
1321 1707 1444 1754 dicis
1485 1724 1662 1763 unum,
1703 1707 1768 1754 de

257 1813 376 1859 quo,
402 1802 458 1841 ut
485 1795 679 1841 dictum
712 1801 789 1839 est
817 1810 845 1839 a
870 1794 1148 1849 veteribus,
1173 1793 1310 1839 docti
1334 1793 1629 1856 indoctique
1654 1810 1772 1840 con-

256 1884 504 1935 sentiunt,
530 1879 746 1925 huiusne
775 1886 832 1925 tu
860 1879 1090 1924 membra
1118 1878 1240 1924 dicis
1269 1895 1398 1933 esse,
1425 1895 1639 1941 quorum
1665 1882 1767 1924 iam

253 1969 631 2012 immanitatem
673 1964 770 2019 vel,
811 1968 851 2010 si
892 1963 986 2010 hoc
1033 1967 1211 2019 mavis,
1251 1967 1539 2026 potentiam
1581 1967 1769 2011 mortui

254 2051 471 2099 hominis
512 2055 682 2114 imago
728 2051 1046 2113 compescit?
1116 2049 1268 2096 Plura
1308 2049 1425 2096 hinc
1466 2053 1654 2112 possim
1697 2051 1770 2097 di-

255 2153 369 2183 cere
394 2151 406 2191 ;
448 2136 587 2182 vides
614 2138 749 2181 enim
774 2151 864 2197 pro
889 2141 979 2180 tua
1003 2134 1297 2197 prudentia,
1322 2151 1475 2197 quam
1499 2134 1604 2181 late
1628 2134 1766 2181 locus

254 2226 350 2268 iste
372 2223 553 2284 pateat
574 2219 971 2282 reprehensioni.
1042 2218 1144 2266 Sed
1164 2236 1246 2265 me
1268 2223 1375 2282 ipse
1398 2219 1629 2276 cohibeo,
1650 2237 1714 2266 ne
1738 2237 1767 2266 a

253 2315 306 2354 te
331 2306 582 2353 rhetorice
606 2309 776 2368 potius
802 2322 955 2368 quam
980 2305 1199 2351 veridice
1225 2321 1379 2368 agere
1407 2308 1684 2352 existimer.

205 2401 228 2438 2
318 2392 450 2438 Nam
492 2391 629 2454 quod
671 2394 877 2436 nomina
918 2390 1173 2453 quaedam
1215 2397 1531 2436 mortuorum
1574 2390 1766 2437 Punica

255 2477 522 2541 collegisti,
556 2477 739 2539 quibus·
772 2479 823 2521 in
856 2483 1083 2522 nostram
1116 2475 1415 2539 religionem
1447 2474 1675 2532 festivas,
1708 2483 1767 2522 ut

252 2565 348 2611 tibi
372 2567 534 2610 visum
561 2569 658 2618 est,
683 2561 1018 2608 contumelias
1043 2562 1300 2609 iaciendas
1326 2569 1553 2624 putares,
1579 2565 1767 2619 nescio,

260 2647 320 2687 22
