1866 2964
757 217 848 265 ST.
888 216 1295 264 AUGUSTINE

270 354 362 400 sed
403 370 493 400 nos
536 356 588 398 in
630 358 801 398 vestra
846 353 1015 414 patria
1056 366 1159 396 non
1204 355 1314 395 tam
1357 350 1560 411 experti
1608 363 1781 394 sumus

272 444 301 464 “
321 437 504 500 quibus
535 434 763 481 floruerit
784 433 811 448 ”
836 441 975 480 terra
1002 432 1088 478 illa
1113 440 1141 460 ‘⁶
1162 430 1330 487 viris,'’
1356 447 1511 494 quam
1548 429 1576 445 “
1597 430 1780 493 quibus

273 522 454 565 arserit
479 516 683 573 armis,’'
708 520 864 563 immo
887 532 1006 562 vero
1031 532 1134 561 non
1158 517 1308 560 armis
1330 514 1421 560 sed
1445 513 1661 559 flammis
1686 513 1781 559 nec

273 604 471 657 arserit,
487 601 578 647 sed
593 599 895 646 incenderit.
923 598 1074 657 Quod
1088 604 1293 643 tantum
1307 595 1469 643 scelus
1485 599 1525 642 si
1537 594 1694 642 fuerit
1709 597 1784 641 in-

271 687 510 747 punitum
532 681 669 729 nulla
692 682 848 745 digna
868 683 1182 727 correctione
1202 696 1492 742 pravorum,
1511 677 1782 724 florentem

271 774 325 813 te
364 769 585 829 patriam
623 772 776 828 putas
813 763 1152 810 relicturum?
1221 761 1266 809 O
1305 761 1454 808 flores
1491 777 1594 807 non
1630 759 1784 823 plane

273 847 534 895 fructuum
554 848 645 894 sed
665 850 925 910 spinarum
946 846 954 892 !
999 845 1252 908 Compara
1269 861 1422 900 nunc,
1440 850 1614 890 utrum
1636 841 1782 889 malis

272 931 452 977 florere
475 933 697 993 patriam
719 937 864 976 tuam
886 931 1085 991 pietate
1110 944 1175 973 an
1195 929 1525 990 impunitate,
1547 927 1786 972 correctis

273 1014 496 1060 moribus
535 1030 599 1059 an
635 1015 822 1058 securis
860 1011 1100 1066 ausibus;
1153 1026 1393 1072 compara
1425 1012 1526 1055 ista
1562 1015 1616 1055 et
1650 1008 1785 1064 vide,

274 1103 446 1142 utrum
474 1098 526 1141 in
554 1097 752 1158 patriae
781 1101 904 1140 tuae
934 1109 1106 1140 amore
1133 1109 1224 1139 nos
1251 1095 1440 1148 vincas,
1467 1098 1640 1138 utrum
1669 1107 1783 1137 eam

276 1181 439 1242 magis
463 1180 733 1240 veriusque
757 1179 930 1239 cupias
952 1175 1133 1222 florere
1157 1191 1312 1239 quam
1335 1191 1442 1221 nos.

225 1268 249 1307 3
340 1260 550 1306 Intuere
575 1258 839 1322 paululum
869 1261 1003 1321 ipsos
1035 1258 1099 1304 de
1129 1274 1184 1304 re
1214 1256 1419 1320 publica
1446 1255 1618 1312 libros,
1647 1255 1784 1303 unde

275 1342 416 1389 illum
442 1341 683 1389 affectum
709 1343 1042 1387 amantissimi
1066 1343 1185 1386 civis
1211 1341 1433 1395 ebibisti,
1457 1339 1596 1402 quod
1617 1337 1784 1385 nullus

275 1429 340 1472 sit
358 1428 557 1488 patriae
575 1423 871 1471 consulendi
888 1423 1068 1470 modus
1088 1430 1179 1469 aut
1197 1423 1308 1469 finis
1325 1423 1486 1469 bonis.
1555 1421 1786 1477 Intuere,

277 1508 486 1554 obsecro
523 1514 595 1562 te,
631 1513 684 1553 et
720 1522 872 1553 cerne
910 1508 1114 1569 quantis
1146 1506 1217 1551 ibi
1248 1504 1483 1552 laudibus
1516 1502 1784 1567 frugalitas

276 1597 330 1636 et
349 1592 666 1636 continentia
684 1588 1011 1651 praedicetur
1031 1594 1084 1634 et
1105 1604 1227 1651 erga
1245 1585 1510 1651 coniugale
1529 1585 1786 1632 vinculum

277 1672 402 1719 fides
440 1675 670 1735 castique
708 1670 911 1717 honesti
950 1687 1007 1716 ac
1043 1670 1190 1733 probi
1225 1686 1411 1726 mores,
1448 1670 1631 1733 quibus
1669 1685 1785 1715 cum

276 1753 562 1817 praepollet
617 1756 812 1809 civitas,
868 1769 986 1799 vere
1042 1752 1222 1799 florere
1278 1751 1496 1799 dicenda
1551 1758 1645 1798 est.
1714 1751 1784 1797 Hi

277 1843 451 1883 autem
478 1852 644 1882 mores
669 1839 722 1881 in
749 1834 971 1882 ecclesiis
996 1841 1109 1882 toto
1135 1835 1258 1881 orbe
1283 1835 1630 1881 crescentibus
1654 1840 1786 1880 tam-

276 1935 430 1981 quam
454 1921 506 1964 in
530 1921 717 1964 sanctis
742 1918 1004 1964 auditoriis
1027 1916 1331 1980 populorum
1355 1917 1604 1964 docentur
1627 1923 1785 1979 atque

275 2001 556 2056 discuntur,
582 2007 635 2046 et
659 2003 882 2046 maxime
907 2002 1073 2062 pietas
1099 2016 1201 2062 qua
1224 2015 1372 2045 verus
1399 2006 1453 2045 et
1476 2015 1631 2046 verax
1656 1997 1788 2045 cola-

277 2090 361 2129 tur
397 2083 541 2138 deUS,
577 2085 663 2146 qui
705 2081 832 2128 haec
868 2084 1038 2128 omnia
1074 2082 1257 2145 quibus
1293 2084 1491 2128 animus
1531 2080 1784 2128 humanus

278 2165 479 2212 divinae
516 2167 751 2211 societati
789 2164 854 2211 ad
894 2163 1284 2211 inhabitandam
1321 2170 1587 2210 aeternam
1623 2162 1787 2211 caele-

278 2254 515 2310 stemque
549 2249 811 2293 civitatem
843 2249 1111 2292 instruitur
1144 2253 1199 2292 et
1231 2252 1457 2309 aptatur,
1488 2263 1590 2292 non
1622 2245 1784 2293 solum

278 2330 423 2376 iubet
454 2329 836 2393 adgredienda,
880 2345 1057 2375 verum
1103 2331 1260 2375 etiam
1306 2328 1465 2375 donat
1507 2327 1784 2391 implenda.

339 2496 358 2514 ‘²
390 2490 581 2531 Cicero's
603 2490 668 2531 De
688 2489 948 2543 Republica,
970 2489 1136 2542 quoted
1158 2489 1220 2542 by
1244 2489 1478 2530 Nectarius
1501 2491 1545 2530 in
1568 2489 1635 2531 his
1657 2489 1784 2531 letter

281 2550 327 2586 to
352 2546 619 2598 Augustine.
679 2544 773 2586 The
796 2543 921 2585 work
945 2543 1068 2585 itself
1085 2546 1280 2585 survives
1304 2543 1411 2596 only
1434 2546 1479 2584 in
1502 2545 1779 2597 fragments;

284 2603 327 2641 in
355 2600 450 2641 civ.
473 2600 558 2640 Dei
579 2601 621 2640 ii.
644 2602 695 2640 21
721 2600 974 2652 Augustine
994 2601 1116 2653 gives
1138 2612 1164 2640 a
1185 2612 1416 2653 summary
1436 2600 1488 2640 of
1506 2598 1634 2641 Book
1655 2600 1715 2640 iii.

292 2672 307 2711 1
323 2671 385 2711 54
