1866 2964
799 147 889 197 ST.
928 149 1336 197 AUGUSTINE

311 282 421 330 vult
457 286 673 347 quisque
710 283 906 338 credat,
943 282 1082 345 quod
1117 299 1219 329 non
1266 280 1376 328 vult
1411 298 1515 328 non
1549 279 1747 335 credat,
1784 281 1827 325 si

311 371 471 418 semel
505 370 662 418 fuerit
697 388 998 434 persuasum
1035 371 1205 434 aliqua
1241 369 1351 417 illos
1393 373 1523 416 viros
1564 385 1657 433 per
1698 384 1824 431 quos

314 462 458 507 nobis
484 459 612 507 haec
637 463 927 506 ministrata
954 467 1091 516 sunt,
1116 463 1169 505 in
1195 462 1454 523 scripturis
1480 461 1582 505 suis
1607 458 1826 505 officiose

311 553 538 612 potuisse
566 552 792 604 mentiri,
819 552 914 595 nisi
942 547 1075 595 forte
1104 548 1306 612 regulas
1336 548 1583 612 quasdam
1612 547 1825 594 daturus

313 655 384 694 es,
407 639 590 701 quibus
612 641 900 684 noverimus
927 638 1014 684 ubi
1040 644 1279 701 oporteat
1302 639 1510 684 mentiri
1534 643 1589 683 et
1612 636 1701 682 ubi
1723 651 1827 681 non

314 734 567 790 oporteat.
638 726 790 785 Quod
815 729 855 773 si
881 726 990 772 fieri
1014 733 1207 789 potest,
1231 725 1369 773 nullo
1393 726 1546 773 modo
1570 724 1829 771 mendaci-

309 817 403 863 bus
441 814 708 878 dubiisque
742 815 1022 861 rationibus
1046 816 1099 862 id
1128 815 1351 878 explices
1381 831 1588 879 quaeso,
1618 830 1714 860 nec
1741 828 1825 859 me

312 921 583 952 onerosum
615 912 705 951 aut
735 905 1075 966 inpudentem
1107 905 1299 952 iudices
1332 921 1424 967 per
1447 903 1825 950 humanitatem

313 996 687 1040 veracissimam
708 994 899 1040 domini
917 997 1093 1040 nostri.
1142 993 1275 1040 Nam
1295 1001 1353 1040 ut
1371 1011 1473 1040 non
1490 993 1655 1040 dicam
1672 990 1831 1048 nulla,

314 1090 454 1129 certe
491 1100 593 1129 non
617 1099 806 1146 magna
844 1081 991 1145 culpa
1017 1099 1162 1129 meus
1191 1100 1328 1129 error
1359 1085 1566 1129 veritati
1601 1080 1761 1137 favet,
1788 1082 1829 1126 si

313 1178 454 1218 recte
481 1174 534 1217 in
560 1178 614 1217 te
640 1178 815 1234 potest
838 1175 1025 1218 veritas
1049 1170 1222 1218 favere
1246 1172 1530 1219 mendacio.

269 1268 294 1306 6
385 1260 469 1306 IV.
512 1259 683 1306 Multa
721 1259 819 1306 alia
854 1277 969 1307 cum
1006 1264 1341 1307 sincerissimo
1377 1261 1529 1308 corde
1565 1267 1655 1307 tuo
1690 1258 1830 1322 loqui

315 1366 557 1411 cuperem
594 1356 647 1395 et
680 1349 744 1396 de
777 1348 1052 1396 christiano
1094 1351 1264 1397 studio
1300 1349 1550 1406 conferre,
1585 1349 1678 1396 sed
1711 1347 1829 1395 huic

317 1438 569 1485 desiderio
613 1455 729 1484 meo
774 1437 913 1484 nulla
957 1438 1178 1502 epistula
1221 1446 1302 1486 sat
1346 1447 1440 1486 est.
1511 1439 1733 1486 Uberius
1776 1438 1831 1484 id

314 1543 521 1589 possum
555 1543 649 1589 per
683 1525 897 1573 fratrem
939 1544 1093 1590 quem
1132 1529 1450 1575 miscendum
1494 1535 1549 1575 et
1589 1527 1830 1575 alendum

318 1614 549 1662 dulcibus
573 1622 729 1678 atque
753 1615 962 1662 utilibus
984 1618 1491 1664 sermocinationibus
1512 1620 1614 1664 tuis
1635 1620 1830 1663 misisse

317 1721 401 1750 me
435 1705 653 1768 gaudeo.
723 1704 793 1750 Et
825 1711 1020 1761 tamen,
1055 1713 1307 1769 quantum
1340 1705 1543 1762 vellem,
1576 1723 1671 1753 nec
1702 1709 1832 1769 ipse,

321 1793 459 1856 quod
487 1796 594 1839 eius
622 1809 749 1855 pace
778 1793 1013 1850 dixerim,
1041 1793 1255 1841 forsitan
1282 1799 1436 1858 capit.
1505 1795 1832 1858 Quamquam

321 1881 476 1928 nihilo
508 1898 591 1927 me
623 1881 691 1927 illi
725 1881 1093 1944 praetulerim3
1145 1900 1241 1948 ego
1274 1887 1410 1930 enim
1441 1901 1525 1931 me
1557 1883 1725 1931 fateor
1756 1885 1832 1930 tui

321 1973 657 2033 capaciorem,
682 1971 773 2017 sed
797 1973 964 2033 ipsum
990 1972 1138 2019 video
1164 1973 1273 2019 fieri
1295 1972 1596 2036 pleniorem,
1623 1990 1724 2037 quo
1748 1988 1832 2018 me

322 2063 430 2106 sine
455 2059 779 2105 dubitatione
805 2059 1083 2106 antecellit.
1151 2061 1221 2108 Et
1242 2069 1582 2126 posteaquam
1605 2062 1835 2116 redierit,

322 2148 460 2211 quod
491 2148 696 2194 domino
729 2148 1004 2195 adiuvante
1041 2157 1398 2213 prosperatum
1429 2154 1489 2197 iri
1520 2167 1687 2214 spero,
1718 2167 1834 2197 cum

325 2239 432 2282 eius
455 2239 677 2298 pectoris
702 2237 790 2283 abs
815 2243 869 2282 te
894 2237 1139 2285 cumulati
1161 2243 1419 2303 particeps
1442 2238 1606 2296 fuero,
1629 2257 1731 2286 non
1757 2245 1837 2286 est

322 2323 626 2387 impleturus
667 2325 806 2388 quod
849 2329 902 2371 in
943 2342 1026 2372 me
1069 2326 1235 2374 adhuc
1281 2345 1497 2375 vacuum
1539 2332 1637 2375 erit
1677 2335 1835 2392 atque

328 2412 531 2459 avidum
573 2429 835 2459 sensorum
876 2421 1097 2462 tuorum.
1168 2416 1251 2463 Ita
1291 2417 1399 2473 fiet,
1440 2424 1498 2464 ut
1539 2433 1635 2482 ego
1677 2420 1833 2464 etiam

328 2509 451 2548 tunc
487 2504 720 2564 egentior
752 2505 862 2558 sim,
895 2502 980 2550 ille
1013 2507 1276 2567 copiosior.
1343 2504 1476 2552 Sane
1508 2507 1646 2553 idem
1678 2505 1839 2552 frater

336 2589 399 2637 66
