<?xml version="1.0" encoding="UTF-8"?>
<!DOCTYPE html PUBLIC "-//W3C//DTD XHTML 1.0 Transitional//EN"
    "http://www.w3.org/TR/xhtml1/DTD/xhtml1-transitional.dtd">
<html xmlns="http://www.w3.org/1999/xhtml" xml:lang="en" lang="en">
 <head>
  <title>
</title>
<meta http-equiv="Content-Type" content="text/html;charset=utf-8" />
  <meta name='ocr-system' content='tesseract 3.04.00' />
  <meta name='ocr-capabilities' content='ocr_page ocr_carea ocr_par ocr_line ocrx_word'/>
</head>
<body>
  <div class='ocr_page' id='page_1' title='image "./selectletters00auguuoft_0402.png"; bbox 0 0 1866 2964; ppageno 0'>
   <div class='ocr_carea' id='block_1_1' title="bbox 786 162 1324 211">
    <p class='ocr_par' dir='ltr' id='par_1_1' title="bbox 786 162 1324 211">
     <span class='ocr_line' id='line_1_1' title="bbox 786 162 1324 211; baseline 0.002 -1"><span class='ocrx_word' id='word_1_1' title='bbox 786 162 877 210; x_wconf 90' lang='lat' dir='ltr'>ST.</span> <span class='ocrx_word' id='word_1_2' title='bbox 915 162 1324 211; x_wconf 91' lang='lat' dir='ltr'><strong>AUGUSTINE</strong></span> 
     </span>
    </p>
   </div>
   <div class='ocr_carea' id='block_1_2' title="bbox 300 294 1811 428">
    <p class='ocr_par' dir='ltr' id='par_1_2' title="bbox 300 294 1811 428">
     <span class='ocr_line' id='line_1_2' title="bbox 300 294 1811 360; baseline 0.001 -18"><span class='ocrx_word' id='word_1_3' title='bbox 300 298 467 360; x_wconf 82' lang='lat' dir='ltr'>gratia</span> <span class='ocrx_word' id='word_1_4' title='bbox 503 298 610 342; x_wconf 92' lang='lat' dir='ltr'>eius</span> <span class='ocrx_word' id='word_1_5' title='bbox 644 294 908 342; x_wconf 88' lang='lat' dir='ltr'>intellecta</span> <span class='ocrx_word' id='word_1_6' title='bbox 946 303 1102 359; x_wconf 76' lang='lat' dir='ltr'>atque</span> <span class='ocrx_word' id='word_1_7' title='bbox 1139 295 1328 343; x_wconf 87' lang='lat' dir='ltr'>dilecta</span> <span class='ocrx_word' id='word_1_8' title='bbox 1363 298 1520 343; x_wconf 85' lang='lat' dir='ltr'>etiam</span> <span class='ocrx_word' id='word_1_9' title='bbox 1553 294 1811 360; x_wconf 89' lang='lat' dir='ltr'>loquendo</span> 
     </span>
     <span class='ocr_line' id='line_1_3' title="bbox 302 363 1429 428; baseline 0.002 -18"><span class='ocrx_word' id='word_1_10' title='bbox 302 371 620 428; x_wconf 73' lang='lat' dir='ltr'>expugnent,</span> <span class='ocrx_word' id='word_1_11' title='bbox 646 364 783 427; x_wconf 91' lang='lat' dir='ltr'>quod</span> <span class='ocrx_word' id='word_1_12' title='bbox 806 367 907 410; x_wconf 90' lang='lat' dir='ltr'>iam</span> <span class='ocrx_word' id='word_1_13' title='bbox 931 363 1069 427; x_wconf 87' lang='lat' dir='ltr'>loqui</span> <span class='ocrx_word' id='word_1_14' title='bbox 1094 381 1196 411; x_wconf 91' lang='lat' dir='ltr'>non</span> <span class='ocrx_word' id='word_1_15' title='bbox 1221 364 1429 412; x_wconf 90' lang='lat' dir='ltr'>audent.</span> 
     </span>
    </p>
   </div>
   <div class='ocr_carea' id='block_1_3' title="bbox 773 546 1339 611">
    <p class='ocr_par' dir='ltr' id='par_1_3' title="bbox 773 546 1339 611">
     <span class='ocr_line' id='line_1_4' title="bbox 773 546 1339 611; baseline -0.002 -17"><span class='ocrx_word' id='word_1_16' title='bbox 773 546 867 594; x_wconf 81' lang='lat' dir='ltr'>No.</span> <span class='ocrx_word' id='word_1_17' title='bbox 895 553 957 594; x_wconf 76' lang='lat'>44</span> <span class='ocrx_word' id='word_1_18' title='bbox 983 547 1099 611; x_wconf 83' lang='lat' dir='ltr'>(Ep.</span> <span class='ocrx_word' id='word_1_19' title='bbox 1129 546 1339 609; x_wconf 83' lang='lat' dir='ltr'>cxcn)</span> 
     </span>
    </p>
   </div>
   <div class='ocr_carea' id='block_1_4' title="bbox 310 655 1811 893">
    <p class='ocr_par' dir='ltr' id='par_1_4' title="bbox 310 655 1811 893">
     <span class='ocr_line' id='line_1_5' title="bbox 310 655 1811 706; baseline -0.001 -8"><span class='ocrx_word' id='word_1_20' title='bbox 310 656 571 698; x_wconf 78' lang='lat' dir='ltr'>DOMINO</span> <span class='ocrx_word' id='word_1_21' title='bbox 634 656 1030 697; x_wconf 80' lang='lat' dir='ltr'><strong>VENERABILI</strong></span> <span class='ocrx_word' id='word_1_22' title='bbox 1100 655 1493 706; x_wconf 78' lang='lat' dir='ltr'><strong>NIMIUMQUE</strong></span> <span class='ocrx_word' id='word_1_23' title='bbox 1560 655 1811 698; x_wconf 88' lang='lat' dir='ltr'>DESIDE-</span> 
     </span>
     <span class='ocr_line' id='line_1_6' title="bbox 430 720 1810 762; baseline 0.001 -1"><span class='ocrx_word' id='word_1_24' title='bbox 430 722 647 762; x_wconf 81' lang='lat' dir='ltr'>RABILI</span> <span class='ocrx_word' id='word_1_25' title='bbox 700 721 944 762; x_wconf 89' lang='lat' dir='ltr'><strong>SANCTO</strong></span> <span class='ocrx_word' id='word_1_26' title='bbox 990 721 1222 762; x_wconf 85' lang='lat' dir='ltr'><strong>FRATRI</strong></span> <span class='ocrx_word' id='word_1_27' title='bbox 1270 721 1347 761; x_wconf 91' lang='lat' dir='ltr'>ET</span> <span class='ocrx_word' id='word_1_28' title='bbox 1391 720 1810 762; x_wconf 89' lang='lat' dir='ltr'>CONDIACONO</span> 
     </span>
     <span class='ocr_line' id='line_1_7' title="bbox 428 785 1810 893; baseline -0.001 -66"><span class='ocrx_word' id='word_1_29' title='bbox 428 786 824 893; x_wconf 44' lang='grc' dir='ltr'>(ΞῖἓῗὲξὲἷξΝΟ</span> <span class='ocrx_word' id='word_1_30' title='bbox 906 785 1319 827; x_wconf 83' lang='lat' dir='ltr'>AUGUSTINUS</span> <span class='ocrx_word' id='word_1_31' title='bbox 1401 785 1470 827; x_wconf 94' lang='lat' dir='ltr'>IN</span> <span class='ocrx_word' id='word_1_32' title='bbox 1547 785 1810 827; x_wconf 91' lang='lat' dir='ltr'>DOMINO</span> 
     </span>
    </p>
   </div>
   <div class='ocr_carea' id='block_1_5' title="bbox 301 947 1816 2106">
    <p class='ocr_par' dir='ltr' id='par_1_5' title="bbox 301 947 1816 2106">
     <span class='ocr_line' id='line_1_8' title="bbox 366 947 1812 1013; baseline -0.001 -17"><span class='ocrx_word' id='word_1_33' title='bbox 366 950 608 1009; x_wconf 78' lang='lat' dir='ltr'>Quamvis</span> <span class='ocrx_word' id='word_1_34' title='bbox 635 949 786 1013; x_wconf 85' lang='lat' dir='ltr'>longe</span> <span class='ocrx_word' id='word_1_35' title='bbox 814 950 996 996; x_wconf 80' lang='lat' dir='ltr'>absens</span> <span class='ocrx_word' id='word_1_36' title='bbox 1030 947 1232 1005; x_wconf 87' lang='lat' dir='ltr'>fuerim,</span> <span class='ocrx_word' id='word_1_37' title='bbox 1259 948 1463 1013; x_wconf 92' lang='lat' dir='ltr'>quando</span> <span class='ocrx_word' id='word_1_38' title='bbox 1487 965 1580 1012; x_wconf 91' lang='lat' dir='ltr'>per</span> <span class='ocrx_word' id='word_1_39' title='bbox 1613 947 1812 995; x_wconf 90' lang='lat' dir='ltr'>Proiec-</span> 
     </span>
     <span class='ocr_line' id='line_1_9' title="bbox 301 1017 1811 1080; baseline -0.002 -14"><span class='ocrx_word' id='word_1_40' title='bbox 301 1026 413 1066; x_wconf 91' lang='lat' dir='ltr'>tum</span> <span class='ocrx_word' id='word_1_41' title='bbox 453 1017 690 1064; x_wconf 89' lang='lat' dir='ltr'>clericum</span> <span class='ocrx_word' id='word_1_42' title='bbox 733 1018 797 1065; x_wconf 93' lang='lat' dir='ltr'>ad</span> <span class='ocrx_word' id='word_1_43' title='bbox 835 1034 919 1064; x_wconf 93' lang='lat' dir='ltr'>me</span> <span class='ocrx_word' id='word_1_44' title='bbox 957 1018 1152 1064; x_wconf 87' lang='lat' dir='ltr'>directa</span> <span class='ocrx_word' id='word_1_45' title='bbox 1189 1017 1484 1080; x_wconf 84' lang='lat' dir='ltr'>Hipponem</span> <span class='ocrx_word' id='word_1_46' title='bbox 1523 1019 1811 1064; x_wconf 76' lang='lat' dir='ltr'>sanctitatis</span> 
     </span>
     <span class='ocr_line' id='line_1_10' title="bbox 301 1087 1814 1149; baseline -0.001 -16"><span class='ocrx_word' id='word_1_47' title='bbox 301 1094 423 1133; x_wconf 87' lang='lat' dir='ltr'>tuae</span> <span class='ocrx_word' id='word_1_48' title='bbox 481 1090 669 1149; x_wconf 83' lang='lat' dir='ltr'>scripta</span> <span class='ocrx_word' id='word_1_49' title='bbox 724 1093 994 1141; x_wconf 85' lang='lat' dir='ltr'>venerunt,</span> <span class='ocrx_word' id='word_1_50' title='bbox 1051 1093 1245 1142; x_wconf 88' lang='lat' dir='ltr'>tamen,</span> <span class='ocrx_word' id='word_1_51' title='bbox 1301 1091 1641 1148; x_wconf 76' lang='lat' dir='ltr'>posteaquam</span> <span class='ocrx_word' id='word_1_52' title='bbox 1696 1087 1814 1131; x_wconf 89' lang='lat' dir='ltr'>veni</span> 
     </span>
     <span class='ocr_line' id='line_1_11' title="bbox 303 1151 1813 1218; baseline -0.001 -17"><span class='ocrx_word' id='word_1_53' title='bbox 303 1158 476 1218; x_wconf 89' lang='lat' dir='ltr'>eisque</span> <span class='ocrx_word' id='word_1_54' title='bbox 502 1153 646 1201; x_wconf 83' lang='lat' dir='ltr'>lectis</span> <span class='ocrx_word' id='word_1_55' title='bbox 672 1157 1033 1217; x_wconf 75' lang='lat' dir='ltr'>rescriptorum</span> <span class='ocrx_word' id='word_1_56' title='bbox 1060 1154 1347 1201; x_wconf 77' lang='lat' dir='ltr'>debitorem</span> <span class='ocrx_word' id='word_1_57' title='bbox 1372 1169 1455 1200; x_wconf 90' lang='lat' dir='ltr'>me</span> <span class='ocrx_word' id='word_1_58' title='bbox 1481 1151 1676 1200; x_wconf 90' lang='lat' dir='ltr'>factum</span> <span class='ocrx_word' id='word_1_59' title='bbox 1703 1168 1813 1200; x_wconf 89' lang='lat' dir='ltr'>esse</span> 
     </span>
     <span class='ocr_line' id='line_1_12' title="bbox 303 1221 1814 1287; baseline -0.002 -17"><span class='ocrx_word' id='word_1_60' title='bbox 303 1226 532 1287; x_wconf 83' lang='lat' dir='ltr'>cognovi,</span> <span class='ocrx_word' id='word_1_61' title='bbox 593 1223 843 1270; x_wconf 89' lang='lat' dir='ltr'>reddendi</span> <span class='ocrx_word' id='word_1_62' title='bbox 904 1230 1109 1284; x_wconf 88' lang='lat' dir='ltr'>tempus</span> <span class='ocrx_word' id='word_1_63' title='bbox 1172 1222 1489 1285; x_wconf 88' lang='lat' dir='ltr'>opperiebar.</span> <span class='ocrx_word' id='word_1_64' title='bbox 1564 1221 1634 1268; x_wconf 90' lang='lat' dir='ltr'>Et</span> <span class='ocrx_word' id='word_1_65' title='bbox 1696 1237 1814 1268; x_wconf 93' lang='lat' dir='ltr'>ecce</span> 
     </span>
     <span class='ocr_line' id='line_1_13' title="bbox 303 1288 1815 1354; baseline -0.002 -16"><span class='ocrx_word' id='word_1_66' title='bbox 303 1293 472 1338; x_wconf 87' lang='lat' dir='ltr'>subito</span> <span class='ocrx_word' id='word_1_67' title='bbox 524 1289 803 1354; x_wconf 89' lang='lat' dir='ltr'>profecturi</span> <span class='ocrx_word' id='word_1_68' title='bbox 858 1307 887 1336; x_wconf 91' lang='lat' dir='ltr'>a</span> <span class='ocrx_word' id='word_1_69' title='bbox 938 1291 1083 1337; x_wconf 90' lang='lat' dir='ltr'>nobis</span> <span class='ocrx_word' id='word_1_70' title='bbox 1137 1293 1378 1336; x_wconf 82' lang='lat' dir='ltr'>carissimi</span> <span class='ocrx_word' id='word_1_71' title='bbox 1431 1288 1601 1336; x_wconf 89' lang='lat' dir='ltr'>fratris</span> <span class='ocrx_word' id='word_1_72' title='bbox 1654 1291 1815 1336; x_wconf 89' lang='lat' dir='ltr'>nostri</span> 
     </span>
     <span class='ocr_line' id='line_1_14' title="bbox 302 1356 1816 1424; baseline -0.001 -18"><span class='ocrx_word' id='word_1_73' title='bbox 302 1359 475 1406; x_wconf 88' lang='lat' dir='ltr'>Albini</span> <span class='ocrx_word' id='word_1_74' title='bbox 512 1358 716 1406; x_wconf 87' lang='lat' dir='ltr'>acolithi</span> <span class='ocrx_word' id='word_1_75' title='bbox 751 1362 1040 1424; x_wconf 83' lang='lat' dir='ltr'>gratissima</span> <span class='ocrx_word' id='word_1_76' title='bbox 1075 1361 1292 1405; x_wconf 86' lang='lat' dir='ltr'>occurrit</span> <span class='ocrx_word' id='word_1_77' title='bbox 1326 1361 1535 1405; x_wconf 89' lang='lat' dir='ltr'>occasio.</span> <span class='ocrx_word' id='word_1_78' title='bbox 1607 1356 1688 1404; x_wconf 94' lang='lat' dir='ltr'>De</span> <span class='ocrx_word' id='word_1_79' title='bbox 1723 1364 1816 1404; x_wconf 91' lang='lat' dir='ltr'>tua</span> 
     </span>
     <span class='ocr_line' id='line_1_15' title="bbox 301 1425 1814 1492; baseline -0.001 -18"><span class='ocrx_word' id='word_1_80' title='bbox 301 1432 475 1492; x_wconf 83' lang='lat' dir='ltr'>igitur,</span> <span class='ocrx_word' id='word_1_81' title='bbox 511 1445 643 1491; x_wconf 90' lang='lat' dir='ltr'>quae</span> <span class='ocrx_word' id='word_1_82' title='bbox 677 1427 801 1473; x_wconf 87' lang='lat' dir='ltr'>mihi</span> <span class='ocrx_word' id='word_1_83' title='bbox 837 1429 1225 1490; x_wconf 82' lang='lat' dir='ltr'>exoptatissima</span> <span class='ocrx_word' id='word_1_84' title='bbox 1260 1433 1356 1482; x_wconf 86' lang='lat' dir='ltr'>est,</span> <span class='ocrx_word' id='word_1_85' title='bbox 1390 1425 1556 1473; x_wconf 89' lang='lat' dir='ltr'>salute</span> <span class='ocrx_word' id='word_1_86' title='bbox 1589 1425 1814 1473; x_wconf 89' lang='lat' dir='ltr'>laetatus</span> 
     </span>
     <span class='ocr_line' id='line_1_16' title="bbox 302 1492 1816 1557; baseline -0.001 -15"><span class='ocrx_word' id='word_1_87' title='bbox 302 1499 564 1543; x_wconf 87' lang='lat' dir='ltr'>sanctitati</span> <span class='ocrx_word' id='word_1_88' title='bbox 586 1503 708 1543; x_wconf 89' lang='lat' dir='ltr'>tuae</span> <span class='ocrx_word' id='word_1_89' title='bbox 732 1495 1095 1543; x_wconf 89' lang='lat' dir='ltr'>salutationem</span> <span class='ocrx_word' id='word_1_90' title='bbox 1118 1495 1348 1542; x_wconf 89' lang='lat' dir='ltr'>debitam</span> <span class='ocrx_word' id='word_1_91' title='bbox 1368 1494 1544 1542; x_wconf 88' lang='lat' dir='ltr'>reddo.</span> <span class='ocrx_word' id='word_1_92' title='bbox 1602 1492 1816 1557; x_wconf 89' lang='lat' dir='ltr'>Semper</span> 
     </span>
     <span class='ocr_line' id='line_1_17' title="bbox 303 1562 1815 1627; baseline -0.001 -17"><span class='ocrx_word' id='word_1_93' title='bbox 303 1572 478 1611; x_wconf 90' lang='lat' dir='ltr'>autem</span> <span class='ocrx_word' id='word_1_94' title='bbox 526 1565 691 1612; x_wconf 90' lang='lat' dir='ltr'>debeo</span> <span class='ocrx_word' id='word_1_95' title='bbox 738 1567 1026 1619; x_wconf 85' lang='lat' dir='ltr'>caritatem,</span> <span class='ocrx_word' id='word_1_96' title='bbox 1074 1579 1206 1627; x_wconf 90' lang='lat' dir='ltr'>quae</span> <span class='ocrx_word' id='word_1_97' title='bbox 1254 1562 1360 1610; x_wconf 90' lang='lat' dir='ltr'>sola</span> <span class='ocrx_word' id='word_1_98' title='bbox 1407 1565 1565 1609; x_wconf 88' lang='lat' dir='ltr'>etiam</span> <span class='ocrx_word' id='word_1_99' title='bbox 1610 1562 1815 1610; x_wconf 83' lang='lat' dir='ltr'>reddita</span> 
     </span>
     <span class='ocr_line' id='line_1_18' title="bbox 303 1630 1814 1696; baseline -0.002 -17"><span class='ocrx_word' id='word_1_100' title='bbox 303 1650 504 1696; x_wconf 88' lang='lat' dir='ltr'>semper</span> <span class='ocrx_word' id='word_1_101' title='bbox 557 1633 759 1680; x_wconf 87' lang='lat' dir='ltr'>detinet</span> <span class='ocrx_word' id='word_1_102' title='bbox 812 1633 1114 1679; x_wconf 89' lang='lat' dir='ltr'>debitorem.</span> <span class='ocrx_word' id='word_1_103' title='bbox 1186 1630 1439 1678; x_wconf 89' lang='lat' dir='ltr'>Redditur</span> <span class='ocrx_word' id='word_1_104' title='bbox 1492 1633 1645 1686; x_wconf 88' lang='lat' dir='ltr'>enim,</span> <span class='ocrx_word' id='word_1_105' title='bbox 1698 1647 1814 1677; x_wconf 90' lang='lat' dir='ltr'>cum</span> 
     </span>
     <span class='ocr_line' id='line_1_19' title="bbox 301 1696 1814 1764; baseline -0.002 -17"><span class='ocrx_word' id='word_1_106' title='bbox 301 1702 633 1764; x_wconf 82' lang='lat' dir='ltr'>inpenditur3</span> <span class='ocrx_word' id='word_1_107' title='bbox 687 1701 907 1748; x_wconf 91' lang='lat' dir='ltr'>debetur</span> <span class='ocrx_word' id='word_1_108' title='bbox 942 1707 1134 1755; x_wconf 89' lang='lat' dir='ltr'>autem,</span> <span class='ocrx_word' id='word_1_109' title='bbox 1170 1701 1371 1746; x_wconf 86' lang='lat' dir='ltr'>etiamsi</span> <span class='ocrx_word' id='word_1_110' title='bbox 1404 1699 1608 1746; x_wconf 83' lang='lat' dir='ltr'>reddita</span> <span class='ocrx_word' id='word_1_111' title='bbox 1640 1696 1814 1755; x_wconf 88' lang='lat' dir='ltr'>fuerit,</span> 
     </span>
     <span class='ocr_line' id='line_1_20' title="bbox 303 1767 1815 1832; baseline -0.002 -16"><span class='ocrx_word' id='word_1_112' title='bbox 303 1773 422 1832; x_wconf 89' lang='lat' dir='ltr'>quia</span> <span class='ocrx_word' id='word_1_113' title='bbox 444 1769 639 1816; x_wconf 92' lang='lat' dir='ltr'>nullum</span> <span class='ocrx_word' id='word_1_114' title='bbox 663 1777 741 1816; x_wconf 89' lang='lat' dir='ltr'>est</span> <span class='ocrx_word' id='word_1_115' title='bbox 764 1776 987 1832; x_wconf 82' lang='lat' dir='ltr'>tempus,</span> <span class='ocrx_word' id='word_1_116' title='bbox 1011 1768 1215 1832; x_wconf 89' lang='lat' dir='ltr'>quando</span> <span class='ocrx_word' id='word_1_117' title='bbox 1237 1767 1567 1831; x_wconf 90' lang='lat' dir='ltr'>inpendenda</span> <span class='ocrx_word' id='word_1_118' title='bbox 1587 1769 1690 1813; x_wconf 90' lang='lat' dir='ltr'>iam</span> <span class='ocrx_word' id='word_1_119' title='bbox 1712 1783 1815 1814; x_wconf 91' lang='lat' dir='ltr'>non</span> 
     </span>
     <span class='ocr_line' id='line_1_21' title="bbox 302 1835 1815 1898; baseline -0.001 -14"><span class='ocrx_word' id='word_1_120' title='bbox 302 1842 382 1884; x_wconf 88' lang='lat' dir='ltr'>sit.</span> <span class='ocrx_word' id='word_1_121' title='bbox 454 1838 579 1894; x_wconf 85' lang='lat' dir='ltr'>Nec,</span> <span class='ocrx_word' id='word_1_122' title='bbox 617 1855 732 1884; x_wconf 91' lang='lat' dir='ltr'>cum</span> <span class='ocrx_word' id='word_1_123' title='bbox 769 1837 1018 1892; x_wconf 84' lang='lat' dir='ltr'>redditur,</span> <span class='ocrx_word' id='word_1_124' title='bbox 1057 1839 1331 1893; x_wconf 85' lang='lat' dir='ltr'>amittitur,</span> <span class='ocrx_word' id='word_1_125' title='bbox 1367 1835 1459 1883; x_wconf 89' lang='lat' dir='ltr'>sed</span> <span class='ocrx_word' id='word_1_126' title='bbox 1493 1837 1663 1898; x_wconf 88' lang='lat' dir='ltr'>potius</span> <span class='ocrx_word' id='word_1_127' title='bbox 1699 1835 1815 1882; x_wconf 89' lang='lat' dir='ltr'>red-</span> 
     </span>
     <span class='ocr_line' id='line_1_22' title="bbox 303 1903 1814 1969; baseline -0.003 -16"><span class='ocrx_word' id='word_1_128' title='bbox 303 1907 471 1953; x_wconf 90' lang='lat' dir='ltr'>dendo</span> <span class='ocrx_word' id='word_1_129' title='bbox 509 1905 913 1969; x_wconf 79' lang='lat' dir='ltr'>multiplicatur3</span> <span class='ocrx_word' id='word_1_130' title='bbox 970 1904 1209 1952; x_wconf 92' lang='lat' dir='ltr'>habendo</span> <span class='ocrx_word' id='word_1_131' title='bbox 1250 1907 1385 1951; x_wconf 91' lang='lat' dir='ltr'>enim</span> <span class='ocrx_word' id='word_1_132' title='bbox 1423 1903 1673 1959; x_wconf 85' lang='lat' dir='ltr'>redditur,</span> <span class='ocrx_word' id='word_1_133' title='bbox 1711 1920 1814 1950; x_wconf 91' lang='lat' dir='ltr'>non</span> 
     </span>
     <span class='ocr_line' id='line_1_23' title="bbox 303 1970 1814 2035; baseline -0.002 -14"><span class='ocrx_word' id='word_1_134' title='bbox 303 1975 537 2021; x_wconf 87' lang='lat' dir='ltr'>carendo.</span> <span class='ocrx_word' id='word_1_135' title='bbox 608 1975 677 2021; x_wconf 86' lang='lat' dir='ltr'>Et</span> <span class='ocrx_word' id='word_1_136' title='bbox 716 1991 831 2020; x_wconf 88' lang='lat' dir='ltr'>cum</span> <span class='ocrx_word' id='word_1_137' title='bbox 870 1973 1015 2020; x_wconf 88' lang='lat' dir='ltr'>reddi</span> <span class='ocrx_word' id='word_1_138' title='bbox 1054 1990 1156 2019; x_wconf 91' lang='lat' dir='ltr'>non</span> <span class='ocrx_word' id='word_1_139' title='bbox 1193 1975 1371 2035; x_wconf 88' lang='lat' dir='ltr'>possit,</span> <span class='ocrx_word' id='word_1_140' title='bbox 1410 1974 1505 2018; x_wconf 89' lang='lat' dir='ltr'>nisi</span> <span class='ocrx_word' id='word_1_141' title='bbox 1542 1970 1814 2028; x_wconf 85' lang='lat' dir='ltr'>habeatur,</span> 
     </span>
     <span class='ocr_line' id='line_1_24' title="bbox 302 2041 1814 2106; baseline -0.003 -17"><span class='ocrx_word' id='word_1_142' title='bbox 302 2060 396 2090; x_wconf 87' lang='lat' dir='ltr'>nec</span> <span class='ocrx_word' id='word_1_143' title='bbox 426 2042 602 2090; x_wconf 89' lang='lat' dir='ltr'>haberi</span> <span class='ocrx_word' id='word_1_144' title='bbox 632 2049 823 2106; x_wconf 89' lang='lat' dir='ltr'>potest,</span> <span class='ocrx_word' id='word_1_145' title='bbox 854 2044 947 2088; x_wconf 86' lang='lat' dir='ltr'>nisi</span> <span class='ocrx_word' id='word_1_146' title='bbox 977 2041 1223 2088; x_wconf 87' lang='lat' dir='ltr'>reddatur</span> <span class='ocrx_word' id='word_1_147' title='bbox 1247 2056 1259 2097; x_wconf 79' lang='lat'>3</span> <span class='ocrx_word' id='word_1_148' title='bbox 1306 2043 1461 2086; x_wconf 90' lang='lat' dir='ltr'>immo</span> <span class='ocrx_word' id='word_1_149' title='bbox 1493 2042 1668 2096; x_wconf 86' lang='lat' dir='ltr'>etiam,</span> <span class='ocrx_word' id='word_1_150' title='bbox 1697 2056 1814 2086; x_wconf 91' lang='lat' dir='ltr'>cum</span> 
     </span>
    </p>
   </div>
   <div class='ocr_carea' id='block_1_6' title="bbox 307 2169 1814 2444">
    <p class='ocr_par' dir='ltr' id='par_1_6' title="bbox 307 2169 1814 2444">
     <span class='ocr_line' id='line_1_25' title="bbox 367 2169 1814 2224; baseline -0.003 -10"><span class='ocrx_word' id='word_1_151' title='bbox 367 2179 385 2198; x_wconf 80' lang='lat'>‘²</span> <span class='ocrx_word' id='word_1_152' title='bbox 418 2173 635 2214; x_wconf 85' lang='lat' dir='ltr'>Celestine</span> <span class='ocrx_word' id='word_1_153' title='bbox 667 2187 758 2213; x_wconf 74' lang='lat' dir='ltr'>was</span> <span class='ocrx_word' id='word_1_154' title='bbox 790 2172 951 2224; x_wconf 86' lang='lat' dir='ltr'>bishop</span> <span class='ocrx_word' id='word_1_155' title='bbox 984 2172 1034 2212; x_wconf 90' lang='lat' dir='ltr'>of</span> <span class='ocrx_word' id='word_1_156' title='bbox 1064 2172 1206 2212; x_wconf 86' lang='lat' dir='ltr'>Rome</span> <span class='ocrx_word' id='word_1_157' title='bbox 1237 2170 1355 2212; x_wconf 90' lang='lat' dir='ltr'>from</span> <span class='ocrx_word' id='word_1_158' title='bbox 1387 2172 1470 2211; x_wconf 68' lang='lat'>422</span> <span class='ocrx_word' id='word_1_159' title='bbox 1503 2173 1550 2210; x_wconf 92' lang='lat' dir='ltr'>to</span> <span class='ocrx_word' id='word_1_160' title='bbox 1581 2171 1679 2211; x_wconf 74' lang='lat'>432.</span> <span class='ocrx_word' id='word_1_161' title='bbox 1742 2169 1814 2209; x_wconf 90' lang='lat' dir='ltr'>He</span> 
     </span>
     <span class='ocr_line' id='line_1_26' title="bbox 308 2223 1813 2280; baseline -0.003 -11"><span class='ocrx_word' id='word_1_162' title='bbox 308 2228 416 2269; x_wconf 84' lang='lat' dir='ltr'>took</span> <span class='ocrx_word' id='word_1_163' title='bbox 439 2242 465 2268; x_wconf 92' lang='lat' dir='ltr'>a</span> <span class='ocrx_word' id='word_1_164' title='bbox 488 2230 742 2280; x_wconf 85' lang='lat' dir='ltr'>prominent</span> <span class='ocrx_word' id='word_1_165' title='bbox 764 2231 864 2279; x_wconf 86' lang='lat' dir='ltr'>part</span> <span class='ocrx_word' id='word_1_166' title='bbox 887 2229 930 2267; x_wconf 92' lang='lat' dir='ltr'>in</span> <span class='ocrx_word' id='word_1_167' title='bbox 953 2225 1014 2267; x_wconf 88' lang='lat' dir='ltr'>all</span> <span class='ocrx_word' id='word_1_168' title='bbox 1035 2227 1110 2267; x_wconf 89' lang='lat' dir='ltr'>the</span> <span class='ocrx_word' id='word_1_169' title='bbox 1131 2223 1399 2278; x_wconf 87' lang='lat' dir='ltr'>theological</span> <span class='ocrx_word' id='word_1_170' title='bbox 1421 2225 1648 2277; x_wconf 86' lang='lat' dir='ltr'>questions</span> <span class='ocrx_word' id='word_1_171' title='bbox 1671 2223 1721 2264; x_wconf 88' lang='lat' dir='ltr'>of</span> <span class='ocrx_word' id='word_1_172' title='bbox 1737 2224 1813 2265; x_wconf 89' lang='lat' dir='ltr'>the</span> 
     </span>
     <span class='ocr_line' id='line_1_27' title="bbox 307 2278 1811 2333; baseline -0.003 -10"><span class='ocrx_word' id='word_1_173' title='bbox 307 2285 428 2330; x_wconf 85' lang='lat' dir='ltr'>time,</span> <span class='ocrx_word' id='word_1_174' title='bbox 462 2282 550 2323; x_wconf 90' lang='lat' dir='ltr'>and</span> <span class='ocrx_word' id='word_1_175' title='bbox 585 2296 674 2323; x_wconf 85' lang='lat' dir='ltr'>was</span> <span class='ocrx_word' id='word_1_176' title='bbox 706 2281 945 2333; x_wconf 83' lang='lat' dir='ltr'>especially</span> <span class='ocrx_word' id='word_1_177' title='bbox 976 2283 1118 2321; x_wconf 83' lang='lat' dir='ltr'>active</span> <span class='ocrx_word' id='word_1_178' title='bbox 1149 2282 1194 2321; x_wconf 90' lang='lat' dir='ltr'>in</span> <span class='ocrx_word' id='word_1_179' title='bbox 1227 2281 1448 2332; x_wconf 87' lang='lat' dir='ltr'>opposing</span> <span class='ocrx_word' id='word_1_180' title='bbox 1481 2278 1811 2331; x_wconf 75' lang='lat' dir='ltr'>Pelagianism3</span> 
     </span>
     <span class='ocr_line' id='line_1_28' title="bbox 310 2332 1811 2389; baseline -0.004 -11"><span class='ocrx_word' id='word_1_181' title='bbox 310 2339 353 2377; x_wconf 92' lang='lat' dir='ltr'>in</span> <span class='ocrx_word' id='word_1_182' title='bbox 389 2337 560 2378; x_wconf 82' lang='lat' dir='ltr'>Britain</span> <span class='ocrx_word' id='word_1_183' title='bbox 593 2338 667 2377; x_wconf 87' lang='lat' dir='ltr'>the</span> <span class='ocrx_word' id='word_1_184' title='bbox 701 2336 937 2389; x_wconf 83' lang='lat' dir='ltr'>Pelagians</span> <span class='ocrx_word' id='word_1_185' title='bbox 971 2335 1059 2375; x_wconf 89' lang='lat' dir='ltr'>had</span> <span class='ocrx_word' id='word_1_186' title='bbox 1093 2333 1335 2375; x_wconf 87' lang='lat' dir='ltr'>succeeded</span> <span class='ocrx_word' id='word_1_187' title='bbox 1369 2336 1414 2374; x_wconf 91' lang='lat' dir='ltr'>in</span> <span class='ocrx_word' id='word_1_188' title='bbox 1447 2334 1646 2386; x_wconf 86' lang='lat' dir='ltr'>winning</span> <span class='ocrx_word' id='word_1_189' title='bbox 1678 2332 1811 2373; x_wconf 90' lang='lat' dir='ltr'>much</span> 
     </span>
     <span class='ocr_line' id='line_1_29' title="bbox 309 2385 1812 2444; baseline -0.003 -12"><span class='ocrx_word' id='word_1_190' title='bbox 309 2396 509 2444; x_wconf 83' lang='lat' dir='ltr'>support,</span> <span class='ocrx_word' id='word_1_191' title='bbox 531 2405 579 2432; x_wconf 83' lang='lat' dir='ltr'>so</span> <span class='ocrx_word' id='word_1_192' title='bbox 600 2391 817 2432; x_wconf 79' lang='lat' dir='ltr'>Celestine</span> <span class='ocrx_word' id='word_1_193' title='bbox 838 2394 935 2431; x_wconf 84' lang='lat' dir='ltr'>sent</span> <span class='ocrx_word' id='word_1_194' title='bbox 956 2390 1168 2430; x_wconf 89' lang='lat' dir='ltr'>Germain</span> <span class='ocrx_word' id='word_1_195' title='bbox 1190 2389 1240 2429; x_wconf 89' lang='lat' dir='ltr'>of</span> <span class='ocrx_word' id='word_1_196' title='bbox 1256 2389 1453 2429; x_wconf 86' lang='lat' dir='ltr'>Auxerre</span> <span class='ocrx_word' id='word_1_197' title='bbox 1473 2387 1563 2428; x_wconf 87' lang='lat' dir='ltr'>and</span> <span class='ocrx_word' id='word_1_198' title='bbox 1585 2385 1812 2428; x_wconf 89' lang='lat' dir='ltr'>Palladius</span> 
     </span>
    </p>
   </div>
   <div class='ocr_carea' id='block_1_7' title="bbox 309 2441 1813 2498">
    <p class='ocr_par' dir='ltr' id='par_1_7' title="bbox 309 2441 1813 2498">
     <span class='ocr_line' id='line_1_30' title="bbox 309 2441 1813 2498; baseline -0.003 -12"><span class='ocrx_word' id='word_1_199' title='bbox 309 2451 355 2486; x_wconf 88' lang='lat' dir='ltr'>to</span> <span class='ocrx_word' id='word_1_200' title='bbox 385 2447 517 2498; x_wconf 82' lang='lat' dir='ltr'>bring</span> <span class='ocrx_word' id='word_1_201' title='bbox 547 2446 621 2487; x_wconf 87' lang='lat' dir='ltr'>the</span> <span class='ocrx_word' id='word_1_202' title='bbox 654 2446 831 2486; x_wconf 80' lang='lat' dir='ltr'>Britons</span> <span class='ocrx_word' id='word_1_203' title='bbox 862 2444 980 2485; x_wconf 88' lang='lat' dir='ltr'>back</span> <span class='ocrx_word' id='word_1_204' title='bbox 1010 2448 1057 2484; x_wconf 87' lang='lat' dir='ltr'>to</span> <span class='ocrx_word' id='word_1_205' title='bbox 1086 2444 1162 2484; x_wconf 84' lang='lat' dir='ltr'>the</span> <span class='ocrx_word' id='word_1_206' title='bbox 1192 2442 1410 2484; x_wconf 87' lang='lat' dir='ltr'>orthodox</span> <span class='ocrx_word' id='word_1_207' title='bbox 1439 2442 1567 2482; x_wconf 80' lang='lat' dir='ltr'>saith.</span> <span class='ocrx_word' id='word_1_208' title='bbox 1630 2441 1683 2482; x_wconf 93' lang='lat' dir='ltr'>In</span> <span class='ocrx_word' id='word_1_209' title='bbox 1712 2444 1813 2490; x_wconf 82' lang='lat'>431,</span> 
     </span>
    </p>
   </div>
   <div class='ocr_carea' id='block_1_8' title="bbox 223 2495 1818 2551">
    <p class='ocr_par' dir='ltr' id='par_1_8' title="bbox 223 2495 1818 2551">
     <span class='ocr_line' id='line_1_31' title="bbox 223 2495 1818 2551; baseline -0.004 -9"><span class='ocrx_word' id='word_1_210' title='bbox 223 2503 225 2505; x_wconf 81' lang='grc'><strong>’</strong></span> <span class='ocrx_word' id='word_1_211' title='bbox 309 2501 383 2541; x_wconf 85' lang='lat' dir='ltr'>the</span> <span class='ocrx_word' id='word_1_212' title='bbox 412 2515 519 2551; x_wconf 81' lang='lat' dir='ltr'>year</span> <span class='ocrx_word' id='word_1_213' title='bbox 541 2500 655 2541; x_wconf 77' lang='lat' dir='ltr'>after</span> <span class='ocrx_word' id='word_1_214' title='bbox 684 2499 974 2551; x_wconf 73' lang='lat' dir='ltr'>Augustine&#39;s</span> <span class='ocrx_word' id='word_1_215' title='bbox 1004 2498 1153 2546; x_wconf 86' lang='lat' dir='ltr'>death,</span> <span class='ocrx_word' id='word_1_216' title='bbox 1179 2498 1233 2538; x_wconf 88' lang='lat' dir='ltr'>he</span> <span class='ocrx_word' id='word_1_217' title='bbox 1262 2501 1360 2538; x_wconf 86' lang='lat' dir='ltr'>sent</span> <span class='ocrx_word' id='word_1_218' title='bbox 1387 2500 1434 2537; x_wconf 86' lang='lat' dir='ltr'>to</span> <span class='ocrx_word' id='word_1_219' title='bbox 1461 2496 1537 2537; x_wconf 81' lang='lat' dir='ltr'>the</span> <span class='ocrx_word' id='word_1_220' title='bbox 1560 2495 1743 2549; x_wconf 92' lang='lat' dir='ltr'>bishops</span> <span class='ocrx_word' id='word_1_221' title='bbox 1767 2495 1818 2536; x_wconf 87' lang='lat' dir='ltr'>of</span> 
     </span>
    </p>
   </div>
   <div class='ocr_carea' id='block_1_9' title="bbox 311 2547 1813 2667">
    <p class='ocr_par' dir='ltr' id='par_1_9' title="bbox 311 2547 1813 2667">
     <span class='ocr_line' id='line_1_32' title="bbox 311 2547 1813 2606; baseline -0.003 -10"><span class='ocrx_word' id='word_1_222' title='bbox 311 2555 429 2596; x_wconf 88' lang='lat' dir='ltr'>Gaul</span> <span class='ocrx_word' id='word_1_223' title='bbox 453 2569 480 2596; x_wconf 86' lang='lat' dir='ltr'>a</span> <span class='ocrx_word' id='word_1_224' title='bbox 504 2555 681 2596; x_wconf 88' lang='lat' dir='ltr'>famous</span> <span class='ocrx_word' id='word_1_225' title='bbox 706 2547 832 2596; x_wconf 79' lang='lat' dir='ltr'>letter</span> <span class='ocrx_word' id='word_1_226' title='bbox 857 2553 1056 2606; x_wconf 83' lang='lat' dir='ltr'>defining</span> <span class='ocrx_word' id='word_1_227' title='bbox 1079 2553 1154 2594; x_wconf 87' lang='lat' dir='ltr'>the</span> <span class='ocrx_word' id='word_1_228' title='bbox 1180 2551 1397 2593; x_wconf 89' lang='lat' dir='ltr'>Church&#39;s</span> <span class='ocrx_word' id='word_1_229' title='bbox 1420 2551 1631 2603; x_wconf 81' lang='lat' dir='ltr'>teaching</span> <span class='ocrx_word' id='word_1_230' title='bbox 1655 2563 1713 2591; x_wconf 92' lang='lat' dir='ltr'>on</span> <span class='ocrx_word' id='word_1_231' title='bbox 1737 2550 1813 2592; x_wconf 87' lang='lat' dir='ltr'>the</span> 
     </span>
     <span class='ocr_line' id='line_1_33' title="bbox 314 2624 408 2667; baseline 0.011 -1"><span class='ocrx_word' id='word_1_232' title='bbox 314 2624 408 2667; x_wconf 78' lang='lat'>340</span> 
     </span>
    </p>
   </div>
  </div>
 </body>
</html>
