1866 2964
733 192 824 239 ST.
863 190 1272 239 AUGUSTINE

246 330 490 389 scriptum
523 332 636 372 est:
686 323 813 371 Sicut
842 323 890 370 z'n
927 322 1082 370 Adam
1119 339 1274 369 omnes
1310 321 1584 378 moriuntur,
1614 320 1682 368 sic
1715 327 1758 367 et

246 395 294 441 z'n
323 394 506 442 Christo
530 410 685 440 omnes
710 391 1080 455 rirg'ficabuntur,
1105 408 1207 437 non
1230 393 1348 454 quia
1372 406 1523 437 nemo
1547 390 1757 437 damna-

244 465 399 518 bitur,
438 462 529 508 sed
567 465 684 524 quia
723 477 874 506 nemo
913 459 1060 506 aliter
1096 459 1415 514 liberabitur,
1453 461 1590 521 quia,
1626 460 1758 510 sicut

245 530 368 577 nulli
405 533 498 576 nisi
536 546 627 591 per
664 529 834 575 Adam
872 527 957 573 filii
994 527 1228 582 hominis,
1265 530 1340 573 ita
1375 525 1500 572 nulli
1535 528 1630 572 nisi
1665 541 1759 588 per

247 599 505 646 Christum
527 597 612 643 filii
634 597 731 643 dei.
804 596 996 643 Omnes
1017 599 1193 658 itaque
1216 594 1303 640 filii
1322 593 1538 641 hominis
1559 595 1759 640 nonnisi

245 684 336 730 per
354 667 522 713 Adam
541 673 592 711 et
610 681 785 712 omnes
805 681 867 710 ex
887 667 956 710 eis
975 663 1061 709 filii
1078 664 1161 710 dei
1177 666 1376 709 nonnisi
1391 678 1484 724 per
1500 661 1759 708 Christum

247 735 355 781 fieri
391 740 619 797 possunt.
709 734 905 795 Aperte
943 734 1119 794 itaque
1158 734 1316 777 etiam
1350 730 1468 776 hinc
1505 732 1760 792 exprimat

247 803 370 866 quid
407 805 614 857 sentiat,
652 808 825 847 utrum
861 799 1064 862 placeat
1103 802 1148 845 ei
1187 802 1344 846 etiam
1379 797 1633 861 parvulos,
1670 799 1758 860 qui

247 871 475 918 nondum
521 872 771 916 iustitiam
817 875 1031 931 possunt
1079 866 1208 913 velle
1256 866 1337 913 vel
1383 865 1534 922 nolle,
1581 873 1759 912 tamen

246 946 457 1002 propter
489 955 648 984 unum
679 936 957 991 hominem,
990 952 1082 998 per
1115 952 1270 998 quem
1296 940 1537 998 peccatum
1569 931 1761 979 intravit

247 1007 294 1054 in
321 1006 538 1053 mundum
566 1012 607 1051 et
625 1022 712 1069 per
730 1011 971 1068 peccatum
997 1020 1120 1050 mors
1145 1009 1186 1049 et
1210 1002 1276 1049 ita
1300 1002 1349 1048 in
1374 1018 1530 1049 omn-es
1555 1000 1761 1048 homines

242 1073 533 1140 pertransiit,
588 1073 637 1119 in
693 1089 784 1137 quo
839 1088 995 1119 omnes
1047 1077 1369 1135 peccaverunt,
1423 1086 1516 1132 per
1572 1069 1760 1116 Christi

248 1147 469 1207 gratiam
493 1141 714 1196 liberari,
742 1148 915 1187 utrum
943 1143 1099 1186 etiam
1125 1156 1216 1201 pro
1242 1142 1361 1201 ipsis
1387 1137 1558 1185 fusum
1583 1137 1761 1184 credat

249 1214 551 1275 sanguinem
591 1209 778 1256 Christi
816 1215 1026 1271 propter
1064 1207 1309 1271 originale
1347 1213 1635 1269 peccatum,
1674 1207 1761 1268 qui

249 1283 428 1342 utique
471 1282 523 1333 in
565 1280 915 1324 remissionem
958 1275 1098 1322 fusus
1144 1282 1222 1322 est
1264 1281 1607 1338 peccatorum.
1678 1273 1760 1319 De

248 1347 324 1393 his
353 1350 576 1393 maxime
607 1347 670 1392 ab
704 1344 787 1391 illo
816 1344 1046 1391 volumus
1075 1360 1223 1390 nosse
1258 1343 1382 1406 quid
1414 1342 1609 1398 credat,
1638 1340 1761 1404 quid

248 1423 446 1471 teneat,
504 1415 626 1477 quid
682 1420 822 1459 certe
879 1412 1185 1459 confiteatur
1242 1419 1295 1458 et
1349 1410 1629 1473 praedicet.
1700 1408 1761 1454 In

250 1484 356 1530 aliis
414 1490 606 1538 autem,
662 1498 795 1544 quae
849 1480 919 1526 illi
975 1481 1281 1535 obiciuntur,
1337 1481 1538 1525 etiamsi
1593 1493 1761 1524 errare

249 1554 580 1606 convincitur,
632 1557 827 1605 tamen,
880 1549 1043 1596 donec
1095 1551 1394 1611 corrigatur,
1445 1544 1760 1593 tolerabilius

249 1623 545 1667 sustinetur.

200 1695 223 1732 7
315 1688 443 1734 Peto
477 1690 635 1733 etiam
666 1686 810 1732 nobis
843 1687 1214 1739 transmittere,
1247 1683 1429 1746 quibus
1461 1680 1763 1745 perhibetur

250 1773 359 1802 esse
384 1762 651 1818 purgatus,
677 1752 1017 1800 ecclesiastica
1041 1758 1188 1814 gesta
1213 1751 1451 1814 digneris.
1522 1749 1674 1808 Quod
1698 1764 1763 1794 ex

249 1824 527 1870 multorum
560 1825 912 1884 episcoporum
944 1820 1196 1867 desiderio
1228 1826 1368 1882 peto,
1401 1834 1527 1882 quos
1558 1833 1761 1863 mecum

250 1893 313 1939 de
352 1891 447 1938 hac
484 1907 538 1937 re
576 1889 714 1936 fama
751 1893 947 1935 incerta
983 1888 1290 1950 perturbat3
1346 1887 1437 1933 sed
1473 1886 1589 1932 ideo
1627 1883 1761 1931 solus

250 1960 344 2007 hoc
378 1962 568 2022 scripsi,
604 1962 722 2021 quia
757 1960 1073 2004 occasionem
1106 1955 1372 2018 perlatoris
1407 1953 1697 2000 festinantis
1733 1969 1763 1998 a

251 2029 412 2084 nobis,
432 2044 586 2090 quem
604 2030 704 2073 cito
724 2026 789 2072 ad
806 2042 895 2071 nos
915 2025 1083 2071 audivi
1101 2040 1249 2086 posse
1266 2038 1515 2078 remeare,
1532 2028 1761 2084 praeter-

251 2100 459 2143 mittere
503 2094 654 2141 nolui.
727 2093 823 2140 Pro
867 2093 1049 2156 quibus
1092 2095 1250 2155 gestis
1292 2094 1395 2137 iam
1437 2091 1581 2136 nobis
1623 2091 1761 2135 misit

315 2265 331 2282 ‘¹
371 2262 388 2298 1
416 2259 516 2299 Cor.
539 2272 608 2298 xv.
633 2259 701 2297 ⁶22.
826 2256 841 2280 b
875 2256 1005 2296 Rom.
1029 2269 1069 2295 v.
1099 2257 1162 2294 12.
1287 2259 1301 2278 ⁶
1337 2254 1469 2294 Matt.
1493 2253 1607 2292 xxvi.
1629 2254 1700 2293 28.

313 2314 331 2337 a
365 2313 482 2354 Held
502 2318 547 2353 at
569 2311 806 2363 Diospolis,
826 2311 900 2351 the
925 2312 1102 2350 ancient
1128 2308 1304 2360 Lydda,
1326 2310 1371 2348 in
1393 2306 1640 2348 December
1659 2309 1758 2347 415.

256 2369 399 2409 When
425 2368 500 2408 the
528 2369 718 2407 minutes
745 2379 871 2405 came
897 2367 989 2405 into
1017 2363 1308 2416 Augustine's
1335 2361 1494 2410 hands,
1521 2361 1660 2402 about
1684 2361 1761 2402 the

256 2422 343 2464 end
364 2424 415 2463 of
429 2425 512 2462 416
529 2436 578 2462 or
599 2420 721 2472 early
737 2423 782 2460 in
802 2423 900 2467 417,
919 2420 973 2460 he
992 2417 1133 2459 found
1155 2418 1252 2458 that
1269 2416 1513 2469 Pelagius's
1529 2429 1761 2467 summai-y

257 2478 306 2517 of
329 2477 402 2517 the
431 2477 676 2517 discussion
699 2488 787 2515 was
812 2475 974 2521 unfair,
995 2486 1043 2513 so
1068 2472 1122 2512 he
1146 2477 1282 2513 wrote
1302 2472 1377 2512 the
1401 2469 1626 2511 historical
1647 2474 1762 2511 tract

256 2532 321 2571 De
353 2531 494 2571 Gestis
525 2530 716 2581 Ρεῖαρίἱ,
750 2543 808 2569 an
843 2532 1033 2571 account
1068 2528 1118 2569 of
1153 2527 1228 2568 the
1257 2525 1548 2580 proceedings
1582 2525 1761 2578 against

259 2585 466 2638 Pelagius
488 2588 532 2626 in
556 2584 788 2625 Palestine.

265 2657 363 2699 314
