1850 2964
735 149 826 197 ST.
864 149 1273 198 AUGUSTINE

249 282 460 329 indicari
494 289 669 346 potest
702 283 840 346 quod
870 283 1083 330 indicari
1109 282 1275 329 verbis
1303 298 1406 328 non
1431 287 1621 345 potest.
1688 279 1760 327 Et

251 381 346 429 ego
392 365 600 428 quidem
643 382 823 429 parum
871 365 1096 429 eloquor,
1142 367 1239 411 etsi
1281 363 1503 411 multum
1544 363 1759 426 loquor;

250 448 342 494 sed
383 447 506 494 nulli
555 447 817 511 eloquenti
865 451 1069 494 omnino
1117 450 1453 494 concesserim
1501 452 1561 492 ut
1601 444 1761 509 quali-

250 546 469 593 cumque
506 537 559 576 et
585 537 1001 594 quantacumque
1028 529 1247 593 epistula
1272 546 1364 576 sua
1398 527 1639 575 affectum
1674 543 1761 574 ex-

249 611 424 675 plicet,
453 629 608 675 quem
636 612 760 659 fecit
787 616 839 659 in
867 629 950 659 me
979 620 1088 669 tua,
1117 612 1255 676 quod
1281 628 1384 658 non
1411 627 1618 675 possum
1646 626 1762 674 ego,

253 697 410 740 etiam
430 698 471 741 si
493 711 610 741 eum
630 699 790 758 possit
810 698 884 741 ita
903 698 954 741 in
977 698 1144 742 animo
1164 710 1281 741 meo
1301 694 1475 741 videre
1495 696 1627 740 sicut
1647 709 1759 756 ego.

252 776 436 823 Restat
473 793 594 841 ergo
627 780 696 824 sic
732 778 827 824 tibi
863 778 1088 824 indicare
1126 777 1264 840 quod
1294 779 1420 823 scire
1451 774 1672 831 voluisti,
1703 781 1763 821 ut

251 862 304 905 in
331 860 496 906 verbis
525 863 668 916 meis,
697 867 751 906 et
776 861 914 923 quod
940 877 1043 906 non
1073 860 1321 915 indicant,
1349 861 1555 906 sentias.
1625 856 1763 916 Quid

250 945 408 1006 igitur
450 942 616 989 dicam
658 946 754 989 nisi
796 941 1113 990 delectatum
1153 958 1238 988 me
1282 957 1392 988 esse
1432 940 1618 988 litteris
1659 942 1762 986 tuis

250 1023 398 1071 valde
423 1024 569 1071 valde
595 1025 612 1072 ?
682 1024 945 1088 Repetitio
966 1026 1107 1072 verbi
1129 1023 1278 1071 huius
1297 1041 1400 1071 non
1419 1030 1499 1070 est
1520 1024 1763 1086 repetitio

251 1107 343 1154 sed
362 1110 506 1170 quasi
530 1115 785 1171 perpetua
805 1108 959 1155 dictio
984 1123 995 1164 3
1034 1111 1154 1171 quia
1174 1110 1310 1154 enim
1335 1106 1443 1153 fieri
1466 1123 1569 1153 non
1588 1111 1764 1168 posset

253 1197 311 1236 ut
359 1206 561 1253 semper
609 1190 881 1246 diceretur,
927 1191 1043 1237 ideo
1102 1188 1298 1237 factum
1347 1196 1426 1235 est
1473 1195 1532 1235 ut
1579 1186 1763 1234 saltem

254 1279 580 1334 repeteretur
603 1288 615 1329 ς
661 1276 730 1319 sic
758 1276 894 1319 enim
920 1271 1137 1320 fortasse
1165 1272 1264 1319 dici
1288 1278 1464 1335 potest
1497 1270 1635 1335 quod
1665 1270 1764 1317 dici

253 1371 355 1401 non
377 1362 567 1418 potest.

224 1447 249 1485 2
317 1437 414 1484 Hic
439 1440 478 1484 si
503 1445 719 1501 quaerat
744 1437 923 1501 aliquis
957 1437 1081 1502 quid
1102 1454 1187 1484 me
1210 1437 1424 1484 tandem
1445 1439 1498 1483 in
1521 1438 1623 1483 tuis
1654 1441 1764 1482 tam

254 1519 400 1566 valde
433 1519 618 1567 litteris
653 1520 1005 1577 delectaverit,
1038 1527 1212 1567 utrum
1250 1519 1526 1582 eloquium,
1558 1534 1765 1581 respon-

254 1602 387 1649 debo
412 1619 422 1648 :
455 1602 482 1617 “
509 1602 624 1649 Non
644 1602 703 1659 '';
742 1610 795 1650 et
824 1602 908 1649 ille
939 1601 1153 1649 forsitan
1176 1602 1510 1666 respondebit
1533 1617 1543 1648 ε
1575 1599 1603 1616 “
1626 1600 1765 1664 Ergo

253 1684 430 1732 laudes
482 1692 605 1732 tuae
630 1684 658 1700 ''
683 1701 694 1742 ς
765 1686 857 1733 sed
907 1686 972 1733 de
1022 1684 1099 1732 his
1152 1701 1357 1749 quoque
1407 1683 1729 1747 respondebo
1753 1698 1764 1728 t

253 1766 281 1783 “
308 1766 475 1824 Non,’'
499 1784 593 1814 nec
615 1768 750 1825 ideo,
774 1771 893 1831 quia
928 1785 1031 1815 non
1067 1775 1186 1815 sunt
1208 1771 1307 1814 ista
1328 1770 1381 1813 in
1402 1765 1488 1813 illa
1511 1763 1731 1829 epistula
1753 1779 1765 1820 3

253 1867 372 1896 nam
412 1857 465 1897 et
505 1850 763 1914 eloquium
801 1852 872 1898 ibi
909 1857 1114 1897 tantum
1155 1857 1251 1906 est,
1289 1857 1348 1897 ut
1387 1856 1441 1896 et
1477 1851 1672 1912 optimo
1709 1853 1764 1894 te

253 1940 433 1979 natum
470 1936 677 1996 ingenio
716 1940 770 1979 et
807 1932 995 1980 talibus
1033 1932 1307 1996 disciplinis
1345 1935 1467 1979 satis
1506 1931 1765 1978 eruditum

254 2015 655 2078 praeclarissime
706 2015 894 2072 luceat,
947 2023 1001 2062 et
1050 2031 1253 2079 prorsus
1303 2014 1458 2078 plena
1508 2020 1588 2060 est
1636 2015 1764 2059 meis

253 2097 503 2144 laudibus.
575 2097 602 2113 “
627 2097 886 2162 Ergone,’'
934 2101 1008 2144 ait
1052 2100 1322 2161 quispiam,
1368 2095 1523 2143 “non
1566 2102 1621 2142 te
1665 2097 1766 2141 ista

256 2179 559 2227 delectant?
586 2179 613 2196 ''
683 2180 847 2227 Immo
899 2197 1018 2227 vero
1043 2196 1054 2236 3
1125 2179 1152 2195 “
1178 2195 1347 2243 neque
1400 2181 1536 2225 enim
1586 2175 1763 2232 mihi,’'

255 2269 314 2308 ut
331 2265 402 2308 ait
420 2263 646 2325 quidam,
663 2262 690 2278 “
716 2279 900 2309 cornea
917 2263 1043 2309 fibra
1061 2261 1192 2318 est,'’
1209 2269 1268 2308 ut
1283 2261 1410 2308 haec
1426 2277 1529 2308 non
1544 2262 1763 2306 sentiam

255 2343 336 2390 vel
374 2347 482 2391 sine
524 2344 868 2392 delectatione
909 2348 1145 2392 sentiam.
1217 2343 1496 2391 Delectant
1537 2349 1591 2389 et
1629 2344 1764 2397 ista;

892 2534 910 2553 ‘⁸
943 2529 1061 2570 Pers.
1085 2530 1112 2570 i.
1136 2531 1206 2570 47.

265 2599 355 2641 448
