1866 2964
775 173 865 221 ST.
903 174 1267 222 AUGUSTIN
1269 175 1312 222 E

290 304 496 352 hortum
522 305 831 353 dominicum
855 309 908 352 in
933 307 1092 362 vobis,
1117 314 1176 354 ut
1201 310 1370 370 spinas
1393 310 1517 354 istas
1542 314 1797 354 metamus

291 389 356 420 ex
394 374 551 420 vobis.
621 373 672 420 Si
712 381 888 420 autem
928 374 1093 421 adhuc
1132 382 1302 422 vestra
1340 374 1687 422 tumultuatur
1723 378 1798 421 in-

290 441 519 497 firmitas,
556 449 700 488 orate
737 449 795 488 ut
833 446 1080 489 eruamini
1121 443 1185 490 de
1222 446 1582 506 temptatione.
1651 442 1798 502 Quae

290 516 466 555 autem
513 510 824 556 conturbant
871 527 975 566 vos,
1023 514 1064 557 si
1117 510 1282 558 adhuc
1329 512 1657 567 conturbant,
1704 513 1799 557 nisi

289 580 620 633 correxerint,
660 579 942 640 portabunt
987 579 1247 634 iudicium,
1289 595 1644 642 quaecumque
1681 577 1799 625 illae

289 644 498 691 fuerint.
1708 684 1712 685 ν

239 721 266 758 4
355 713 595 777 Cogitate
631 714 755 776 quid
787 713 908 760 mali
943 717 1026 770 sit,
1061 722 1137 771 ut,
1171 732 1287 762 cum
1323 715 1387 762 de
1425 714 1711 762 Donatistis
1745 716 1799 760 in

290 784 491 827 unitate
517 782 852 845 gaudeamus,
879 785 1083 829 interna
1109 782 1383 830 schismata
1408 786 1463 829 in
1487 785 1798 830 monasterio

288 848 570 913 lugeamus.
641 849 975 897 Perseverate
1018 854 1072 897 in
1115 852 1249 898 bono
1292 854 1553 914 proposito
1599 857 1653 897 et
1695 867 1800 897 non

289 917 644 964 desiderabitis
669 925 871 965 mutare
896 922 1261 982 praepositam,
1287 936 1388 982 qua
1411 922 1465 965 in
1487 921 1799 966 monasterio

289 984 373 1031 illo
397 1001 489 1048 per
513 992 622 1031 tam
645 985 833 1033 multos
860 1003 1017 1034 annos
1041 994 1405 1050 perseverante
1431 993 1485 1034 et
1507 1003 1721 1034 numero
1747 993 1802 1033 et

292 1060 467 1099 aetate
492 1057 737 1110 crevistis,
762 1071 894 1117 quae
919 1072 1005 1102 vos
1028 1063 1196 1102 mater
1219 1073 1322 1102 non
1344 1062 1493 1102 utero
1515 1055 1608 1102 sed
1631 1057 1799 1101 animo

291 1125 530 1184 suscepit.
601 1121 794 1169 Omnes
828 1126 963 1169 enim
1001 1140 1134 1187 quae
1169 1123 1287 1170 illuc
1323 1126 1551 1179 venistis,
1581 1124 1653 1170 ibi
1685 1139 1799 1169 eam

292 1196 382 1235 aut
432 1196 641 1236 sanctae
691 1194 1017 1254 praepositae
1068 1195 1224 1238 sorori
1273 1208 1422 1238 meae
1473 1194 1801 1246 servientem,

289 1256 582 1320 placentem
620 1265 710 1305 aut
748 1262 906 1305 etiam
941 1263 1105 1322 ipsam
1141 1262 1506 1323 praepositam,
1543 1275 1676 1323 quae
1713 1275 1800 1305 vos

290 1328 589 1388 susciperet,
613 1329 878 1374 invenistis
903 1343 914 1383 3
949 1328 1042 1374 sub
1066 1327 1152 1374 illa
1178 1331 1299 1375 estis
1328 1328 1578 1384 eruditae,
1598 1327 1692 1374 sub
1715 1325 1802 1373 illa

291 1392 511 1450 velatae,
538 1395 632 1441 sub
659 1394 744 1441 illa
769 1395 1141 1458 multiplicatae
1166 1412 1178 1452 3
1224 1403 1278 1443 et
1305 1399 1373 1442 sic
1399 1394 1803 1451 tumultuamini,

291 1469 348 1507 ut
374 1463 514 1509 vobis
546 1479 660 1509 eam
689 1471 968 1520 mutemus,
993 1481 1108 1511 cum
1138 1463 1316 1528 lugere
1335 1464 1594 1511 deberetis
1620 1466 1661 1511 si
1687 1479 1802 1510 eam

291 1530 432 1576 vobis
484 1538 688 1577 mutare
741 1531 1003 1578 vellemus.
1074 1532 1194 1595 Ipsa
1248 1539 1344 1588 est,
1398 1549 1554 1596 quam
1606 1534 1766 1579 nostis
1790 1547 1802 1587 ;

291 1601 400 1660 ipsa
434 1605 530 1654 est,
564 1599 630 1646 ad
661 1616 815 1662 quam
847 1603 1092 1656 venistis;
1141 1604 1252 1663 ipsa
1284 1608 1381 1656 est,
1413 1617 1567 1664 quam
1598 1616 1691 1663 per
1721 1606 1803 1646 tot

293 1683 450 1712 annos
480 1665 718 1714 habendo
748 1672 991 1715 crevistis.
1063 1668 1264 1716 Novum
1288 1686 1391 1715 non
1416 1670 1682 1731 accepistis
1707 1670 1802 1714 nisi

291 1738 642 1797 praepositum
666 1751 677 1791 ;
713 1743 802 1783 aut
819 1739 858 1783 si
873 1743 1084 1799 propter
1099 1736 1240 1783 illurn
1257 1740 1501 1800 quaeritis
1516 1739 1801 1783 novitatem

293 1809 347 1848 et
377 1806 429 1848 in
463 1806 570 1850 eius
600 1804 791 1851 invidia
822 1812 1000 1851 contra
1030 1812 1251 1852 matrem
1282 1812 1507 1852 vestram
1538 1807 1608 1852 sic
1638 1803 1804 1851 rebel-

354 1910 371 1928 α
410 1909 426 1945 1
455 1905 554 1946 Cor.
578 1908 638 1947 iii.
662 1910 761 1952 6-8;
793 1907 916 1948 Hier.
938 1909 1012 1948 xii.
1039 1910 1105 1948 13.

358 1959 373 1983 ὓ
403 1960 510 2001 This
531 1963 807 2002 intransitive
827 1975 904 2003 use
920 1963 971 2003 of
986 1963 1201 2014 corriqere
1222 1964 1257 2004 is
1270 1962 1467 2015 peculiar
1486 1967 1532 2003 to
1546 1962 1635 2004 late
1651 1963 1802 2012 Latin,

287 2028 336 2055 as
358 2017 392 2055 is
413 2015 488 2055 the
508 2016 678 2056 similar
698 2030 776 2057 use
797 2018 848 2056 of
863 2018 1040 2057 emendo
1065 2017 1156 2057 and
1181 2018 1384 2069 reformo.
1444 2017 1486 2058 It
1507 2019 1542 2058 is
1562 2018 1687 2058 often
1707 2031 1803 2059 cor-

287 2069 434 2110 rected
458 2072 501 2110 in
522 2075 636 2111 texts
667 2071 729 2123 by
759 2072 833 2112 the
863 2084 1021 2123 poorer
1051 2074 1365 2124 manuscripts,
1386 2085 1435 2112 as
1460 2075 1493 2112 it
1517 2074 1552 2113 is
1573 2073 1690 2121 here,
1711 2072 1802 2113 and

287 2124 510 2177 probably
530 2139 684 2166 occurs
716 2140 837 2166 more
865 2126 1122 2178 frequently
1142 2127 1252 2166 than
1282 2127 1358 2167 the
1385 2131 1500 2167 texts
1521 2127 1657 2168 show,
1717 2126 1800 2169 See

294 2179 415 2220 lees.
436 2179 567 2231 Liny.
589 2180 687 2221 Lat.
711 2194 806 2229 s.v.,
828 2181 918 2221 and
949 2180 1124 2228 somer,
1146 2181 1187 2220 Α
1214 2181 1358 2233 Study
1382 2182 1435 2234 of
1458 2181 1800 2230 Ambrosiaster,

287 2246 331 2328 ἒς
358 2236 440 2328 96,t
455 2234 631 2305 andncf.
658 2236 778 2288 Aug.
810 2235 865 2276 In
895 2235 971 2276 Ps.
998 2238 1068 2276 93.
1099 2238 1125 2276 3
1157 2237 1372 2276 “utinam
1401 2237 1628 2289 corrigant
1648 2240 1691 2276 et
1711 2250 1800 2277 non

321 2301 417 2328 ican
459 2301 535 2330 sic.

359 2348 372 2366 ⁶
405 2342 504 2384 Gal.
526 2357 567 2384 v.
595 2347 659 2384 10.

355 2396 373 2420 ἆ
404 2396 498 2438 The
527 2398 713 2451 reading
741 2398 990 2439 Donatistis
1021 2401 1056 2439 is
1089 2413 1116 2439 a
1149 2399 1399 2452 conjecture
1428 2400 1479 2440 of
1503 2399 1579 2440 the
1610 2399 1803 2441 Maurist

297 2450 475 2499 editors,
502 2452 561 2492 all
584 2453 659 2493 the
685 2455 981 2505 manuscripts
1006 2455 1161 2506 giving
1186 2454 1263 2494 deo
1287 2455 1421 2501 natis,
1447 2453 1529 2494 but
1551 2453 1801 2495 Donatistis

298 2507 333 2546 is
359 2505 520 2547 almost
543 2507 759 2559 certainly
784 2507 917 2560 right.
979 2507 1073 2548 The
1097 2508 1259 2560 phrase
1284 2509 1333 2549 in
1356 2509 1527 2549 unitate
1548 2509 1741 2560 qaudere
1765 2510 1801 2550 is

298 2559 464 2612 always
490 2561 598 2603 used
626 2562 687 2616 by
713 2563 967 2615 Augustine
992 2562 1098 2606 with
1123 2563 1344 2604 reference
1369 2566 1415 2604 to
1439 2562 1516 2607 the
1540 2563 1801 2611 Donatists;

303 2629 396 2675 378
