1866 2964
765 181 856 228 ST.
895 179 1303 228 AUGUSTINE

277 317 510 364 redditur
535 316 598 362 ab
623 314 846 369 homine,
871 315 1051 360 crescit
1075 315 1128 358 in
1150 311 1356 358 homine
1382 318 1436 358 et
1458 316 1607 358 tanto
1630 311 1791 356 maior

280 393 582 455 adquiritur,
643 396 837 453 quanto
895 387 1088 452 plurius
1147 388 1394 434 redditur.
1465 386 1580 445 Quo
1638 385 1791 432 modo

281 474 456 513 autem
499 472 720 529 negatur
764 467 954 519 amicis,
998 479 1130 527 quae
1175 463 1395 510 debetur
1439 468 1493 508 et
1533 460 1790 507 inimicis?

280 542 382 590 Sed
431 545 644 588 inimicis
697 548 849 587 cauta
898 540 1213 603 inpenditur,
1265 541 1436 585 amicis
1488 554 1666 585 secura
1714 552 1792 583 re-

279 618 536 682 penditur.
607 618 734 681 Agit
770 623 964 672 tamen,
1003 621 1254 678 quantum
1290 620 1481 677 potest,
1518 619 1577 660 ut
1615 613 1679 659 ab
1714 610 1791 658 his

282 697 456 749 etiam,
491 692 673 756 quibus
706 708 797 755 pro
830 690 975 737 malis
1008 691 1143 737 bona
1186 690 1444 745 retribuit,
1476 689 1530 736 id
1559 690 1792 750 recipiat,

281 769 418 833 quod
438 768 688 831 inpendit.
761 767 1014 830 Optamus
1037 770 1227 830 quippe
1250 765 1358 812 fieri
1381 768 1616 820 amicum,
1639 779 1794 827 quem

280 847 529 891 veraciter
549 843 804 907 diligimus
823 845 1101 898 inimicum,
1122 845 1242 905 quia
1259 858 1362 888 non
1382 857 1500 887 eum
1520 839 1793 904 diligimus,

280 922 374 966 nisi
421 918 634 965 velimus
682 919 908 973 bonum3
976 917 1113 980 quod
1160 920 1339 980 utique
1387 933 1490 962 non
1537 917 1651 971 erit,
1698 917 1793 960 nisi

282 998 508 1042 amiserit
532 997 913 1041 inimicitiarum
936 992 1143 1039 malum.

231 1078 256 1117 2
347 1071 462 1118 Non
496 1087 617 1134 ergo
651 1073 720 1117 sic
752 1070 1050 1133 inpenditur
1083 1071 1267 1115 caritas
1300 1075 1359 1115 ut
1390 1070 1623 1131 pecunia.
1692 1065 1795 1112 Ex-

281 1154 433 1210 cepto
479 1150 633 1202 enim,
679 1146 816 1209 quod
859 1145 945 1191 illa
987 1144 1316 1208 inpendendo
1359 1146 1624 1198 minuitur,
1667 1141 1796 1189 haec

283 1230 519 1287 augetur,
547 1225 705 1269 etiam
729 1221 813 1268 illo
838 1224 973 1267 inter
998 1237 1051 1267 se
1078 1219 1337 1276 differunt,
1364 1219 1501 1283 quod
1524 1221 1795 1282 pecuniam

283 1301 363 1344 cui
409 1298 718 1352 dederimus,
764 1303 888 1343 tunc
935 1299 981 1342 ei
1026 1294 1457 1342 benivolentiores
1504 1296 1709 1350 erimus,
1755 1295 1795 1340 si

281 1376 508 1436 recipere
531 1390 633 1419 non
655 1389 977 1436 quaeramus,
999 1388 1101 1418 non
1124 1378 1299 1418 autem
1319 1377 1494 1434 potest
1516 1386 1626 1417 esse
1648 1385 1796 1416 verus

282 1451 509 1495 caritatis
569 1451 826 1510 inpensor,
886 1450 980 1493 nisi
1041 1445 1197 1493 fuerit
1256 1447 1508 1510 benignus
1570 1451 1796 1500 exactor,

284 1527 524 1587 quoniam
559 1526 777 1586 pecunia
819 1539 934 1569 cum
975 1525 1236 1584 recipitur,
1277 1521 1476 1568 accedit
1510 1523 1591 1567 cui
1626 1521 1796 1576 datur,

284 1600 375 1646 sed
399 1599 594 1646 recedit
621 1615 650 1645 a
676 1616 775 1662 quo
800 1599 968 1654 datur,
992 1601 1176 1644 caritas
1203 1614 1321 1644 vero
1346 1614 1448 1644 non
1474 1596 1636 1643 solum
1660 1596 1796 1659 apud

286 1691 404 1721 eum
443 1677 624 1740 crescit
667 1676 752 1736 qui
792 1672 923 1719 hanc
972 1673 1036 1719 ab
1080 1690 1158 1728 eo,
1198 1689 1352 1736 quem
1392 1672 1576 1736 diligit,
1617 1674 1798 1735 exigit,

286 1753 486 1797 etiamsi
511 1768 612 1797 non
635 1753 834 1812 recipit,
859 1750 950 1796 sed
975 1752 1132 1795 etiam
1155 1748 1257 1805 ille,
1283 1765 1311 1794 a
1335 1765 1436 1812 quo
1461 1765 1574 1794 eam
1598 1750 1798 1810 recipit,

284 1834 407 1873 tunc
444 1829 622 1889 incipit
659 1824 869 1881 habere,
907 1842 1022 1872 cum
1059 1825 1245 1872 reddit.
1317 1824 1554 1880 Proinde,
1592 1824 1796 1871 domine

285 1900 461 1957 frater,
477 1908 713 1948 mutuam
723 1901 818 1947 tibi
833 1904 1103 1947 caritatem
1114 1899 1277 1947 libens
1292 1900 1452 1947 reddo
1462 1899 1798 1964 gaudensque

284 1980 509 2040 recipio3
564 1994 718 2040 quam
753 1979 959 2039 recipio,
997 1974 1162 2022 adhuc
1196 1982 1395 2038 repeto,
1432 1992 1586 2038 quam
1620 1974 1798 2030 reddo,

287 2052 452 2100 adhuc
487 2053 666 2099 debeo.
736 2051 911 2098 Unum
946 2055 1083 2097 enim
1118 2054 1440 2115 magistrum,
1477 2051 1614 2113 apud
1644 2066 1798 2114 quem

285 2128 613 2192 condiscipuli
637 2144 828 2184 sumus,
851 2144 944 2191 per
968 2130 1074 2174 eius
1101 2126 1388 2190 apostolum
1412 2126 1598 2174 dociles
1624 2127 1800 2174 audire

352 2288 507 2329 “This
527 2288 617 2329 and
636 2289 711 2329 the
727 2291 831 2328 next
846 2287 1103 2351 paragraph
1121 2301 1196 2327 are
1211 2287 1540 2328 characteristic
1558 2288 1610 2328 of
1621 2288 1801 2340 Augus-

291 2343 397 2383 tine
401 2357 420 2383 s
441 2343 652 2383 fondness
674 2344 742 2383 for
763 2344 931 2394 seizing
952 2355 1009 2382 on
1031 2355 1115 2382 one
1136 2340 1257 2381 word
1279 2355 1329 2382 or
1349 2341 1449 2382 idea
1469 2341 1559 2382 and
1581 2343 1800 2394 pursuing

292 2400 323 2438 it
349 2397 544 2449 through
570 2399 747 2437 various
768 2400 1058 2448 arguments;
1090 2397 1159 2436 for
1183 2394 1338 2436 earlier
1362 2395 1587 2448 examples
1613 2409 1684 2436 see
1711 2395 1798 2437 No.

291 2455 362 2497 24,
388 2452 532 2492 where
557 2452 612 2492 he
637 2451 765 2503 plays
790 2464 848 2490 on
877 2450 952 2491 the
982 2450 1126 2490 words
1146 2450 1281 2502 flores
1311 2450 1400 2490 and
1416 2451 1592 2501 florere,
1619 2450 1705 2491 No.
1727 2453 1799 2498 28,

286 2520 325 2545 w
329 2505 432 2546 here
449 2506 503 2546 he
519 2505 648 2558 plays
665 2519 722 2545 on
738 2505 813 2545 the
829 2504 1007 2545 words‘
1013 2503 1194 2545 ‘liberal
1209 2503 1420 2544 studies'’
1437 2504 1556 2545 and‘
1561 2503 1800 2557 ‘liberty,”

293 2560 383 2600 and
403 2560 489 2601 No.
511 2563 582 2608 29,
598 2561 744 2601 where
764 2559 819 2600 he
839 2558 1011 2601 follows
1031 2559 1106 2602 the
1126 2572 1250 2601 same
1268 2558 1461 2613 thought
1481 2572 1529 2600 as
1550 2559 1666 2602 here.
1707 2559 1802 2600 The

305 2632 397 2674 342
