1866 2964
734 132 825 180 ST.
863 132 1273 180 AUGUSTINE

249 268 427 316 debita
455 270 671 314 caritate
709 265 1000 313 venerande
1037 271 1213 312 sancte
1249 282 1402 328 papa,
1433 271 1487 312 et
1515 265 1635 312 iube
1664 264 1761 311 tibi

250 363 382 409 quae
420 346 615 393 directa
651 351 788 400 sunt,
831 347 1001 391 omnia
1040 346 1259 390 recitari.
1327 343 1458 390 Vide
1501 346 1760 406 episcopa-

250 431 363 471 tum
387 423 606 487 qualiter
628 425 862 486 gesserit,
887 439 1041 486 quem
1065 422 1129 469 ad
1151 422 1360 469 modum
1381 422 1566 469 iudicio
1588 427 1761 467 nostro

253 518 414 565 usque
459 502 587 548 adeo
629 503 944 548 consenserit
985 503 1340 547 communione
1381 503 1627 563 privatus,
1667 501 1764 545 nisi

251 584 389 643 prius
426 578 812 626 Fussalensibus
849 582 1019 625 omnia
1053 579 1410 634 redderentur,
1444 581 1547 624 iam
1581 584 1764 641 postea

253 661 382 705 citra
416 664 531 704 acta
566 660 849 704 aestimatis
883 658 1035 703 rebus
1070 656 1253 704 solidos
1287 659 1590 720 seposuerit,
1623 662 1683 703 ut
1715 659 1763 702 ei

253 739 541 783 communio
555 736 877 791 redderetur,
893 752 1046 799 quam
1061 742 1267 782 versuta
1282 738 1515 782 suasione
1530 741 1764 781 sanctum

254 831 430 861 senem
461 816 736 877 primatem
768 820 999 860 nostrum
1031 816 1384 877 gravissimum
1414 816 1595 868 virum,
1626 819 1686 859 ut
1717 815 1765 858 ei

253 899 438 939 cuncta
466 892 719 947 crederet,
749 908 903 955 quem
931 891 1074 938 velut
1102 895 1239 938 omni
1266 892 1419 939 modo
1445 891 1764 954 inculpatum

253 971 544 1018 venerando
576 987 743 1033 papae
769 968 1025 1017 Bonifatio
1059 971 1461 1026 commendaret,
1485 970 1764 1026 induxerit,

257 1056 311 1096 et
355 1056 529 1096 cetera
577 1065 709 1112 quae
756 1065 785 1094 a
827 1065 911 1095 me
965 1049 1088 1112 quid
1139 1066 1265 1112 opus
1311 1056 1390 1096 est
1432 1047 1603 1104 recoli,
1647 1065 1763 1095 cum

252 1134 566 1174 memoratus
594 1126 897 1173 venerabilis
925 1144 1083 1174 senex
1112 1128 1177 1175 ad
1204 1134 1348 1174 tuam
1376 1129 1765 1174 sanctimoniam

256 1209 491 1253 universa
514 1205 776 1252 rettulerit
798 1206 816 1251 ?

205 1293 228 1330 7
320 1284 382 1331 In
413 1283 508 1330 illis
545 1291 720 1331 autem
753 1283 1118 1347 multiplicibus
1152 1288 1329 1349 gestis,
1364 1285 1547 1348 quibus
1581 1284 1647 1331 de
1679 1283 1764 1331 illo

253 1356 484 1410 nostrum
519 1362 761 1409 iudicium
793 1365 1103 1419 continetur,
1135 1366 1299 1427 magis
1327 1364 1573 1410 deberem
1600 1366 1765 1409 vereri

254 1457 319 1487 ne
369 1441 466 1487 tibi
515 1443 681 1487 minus
733 1457 927 1497 severe,
979 1458 1134 1504 quam
1185 1448 1465 1504 oporteret,
1514 1441 1764 1489 iudicasse

254 1519 535 1574 videamur,
567 1521 662 1565 nisi
695 1522 875 1565 scirem
907 1536 993 1566 vos
1026 1527 1134 1566 tam
1166 1536 1443 1583 propensos
1477 1520 1542 1567 ad
1571 1523 1765 1567 miseri-

254 1597 495 1652 cordiam,
533 1603 590 1643 ut
627 1614 729 1643 non
766 1596 928 1643 solum
964 1599 1127 1654 nobis,
1165 1601 1283 1661 quia
1318 1597 1389 1644 illi
1425 1602 1762 1661 pepercimus,

254 1691 431 1722 verum
465 1678 622 1721 etiam
654 1678 749 1737 ipsi
784 1678 1088 1722 existimetis
1122 1693 1232 1723 esse
1264 1678 1592 1740 parcendum.
1662 1677 1765 1726 Sed

254 1753 356 1809 ille,
393 1753 531 1817 quod
567 1770 596 1799 a
631 1754 776 1800 nobis
813 1761 904 1801 aut
938 1755 1162 1818 benigne
1199 1762 1289 1802 aut
1322 1758 1533 1803 remisse
1568 1754 1764 1804 factum

256 1838 353 1887 est,
412 1835 465 1877 in
524 1835 979 1894 praescriptionem
1038 1840 1240 1880 vertere
1302 1841 1458 1897 atque
1519 1852 1763 1899 usurpare

254 1917 503 1965 conatur3
563 1909 786 1957 clamat:
847 1910 1009 1958 “Aut
1048 1914 1101 1957 in
1140 1929 1258 1959 mea
1297 1911 1544 1960 cathedra
1583 1914 1763 1961 sedere

257 1989 411 2035 debui
455 1995 544 2034 aut
587 1991 853 2052 episcopus
897 2006 1006 2036 esse
1049 2007 1151 2037 non
1193 1990 1401 2046 debui,’'
1444 1995 1588 2055 quasi
1630 2009 1764 2040 nunc

257 2067 437 2113 sedeat
461 2069 555 2113 nisi
579 2069 632 2112 in
657 2084 762 2114 sua.
833 2067 1050 2130 Propter
1072 2067 1167 2115 hoc
1193 2071 1329 2115 enim
1352 2068 1462 2116 loca
1485 2069 1570 2116 illa
1595 2071 1762 2118 eidem

257 2145 463 2191 dimissa
495 2151 652 2208 atque
684 2148 931 2208 permissa
963 2153 1099 2202 sunt,
1124 2150 1176 2193 in
1209 2148 1391 2210 quibus
1419 2155 1473 2195 et
1496 2151 1634 2211 prius
1661 2153 1766 2213 epi-

256 2238 436 2284 scopus
463 2229 591 2278 erat,
616 2239 680 2269 ne
711 2225 763 2269 in
794 2223 1012 2270 alienam
1042 2224 1340 2273 cathedram
1365 2233 1542 2273 contra
1565 2234 1765 2275 statuta

311 2369 329 2386 ⁰
364 2362 599 2412 Cathedra‚
621 2364 860 2417 originally
880 2379 906 2405 a
925 2366 1049 2406 chair
1071 2367 1141 2407 for
1160 2380 1348 2416 women,
1370 2381 1420 2408 or
1442 2368 1517 2409 the
1538 2372 1634 2409 seat
1652 2369 1762 2413 used

269 2417 331 2470 by
351 2417 551 2458 teachers
578 2418 668 2458 and
690 2420 949 2471 professors‚
969 2434 1095 2462 came
1124 2425 1170 2462 to
1194 2422 1250 2462 be
1279 2422 1459 2474 applied
1479 2427 1525 2464 to
1544 2423 1620 2464 the
1639 2423 1764 2464 chair

269 2471 379 2512 used
401 2472 463 2524 by
483 2472 680 2524 bishops.
745 2473 787 2514 It
806 2474 934 2515 stood
966 2477 1009 2515 in
1040 2476 1115 2516 the
1145 2489 1251 2528 apse
1280 2477 1369 2517 and
1391 2477 1480 2518 had
1500 2479 1698 2519 curtains
1717 2482 1765 2519 at

268 2526 344 2567 the
366 2526 460 2567 side
491 2527 629 2581 (Aug.
650 2527 736 2580 Ep.
761 2531 880 2571 xxiii.
911 2532 938 2571 3
969 2529 1248 2573 “cathedrae
1276 2531 1524 2586 velatae'’).
1585 2532 1764 2575 Thence

263 2589 360 2639 360
