1866 2964
758 161 849 212 ST.
887 160 1298 212 AUGUSTINE

271 316 335 346 ne
370 315 574 346 securus
608 298 793 345 tendat
825 300 878 343 in
910 296 1173 344 mortem?
1242 294 1384 342 Solet
1418 297 1554 342 enim
1588 291 1697 341 fieri
1730 299 1785 341 et

269 374 569 438 frequenter
595 374 796 429 accidit,
822 380 879 419 ut
907 373 972 419 ad
995 371 1173 418 horam
1193 374 1542 426 contristetur,
1567 387 1683 417 cum
1707 385 1786 416 re-

269 449 622 513 prehenditur,
651 456 702 495 et
722 452 929 495 resistat
956 454 1008 494 et
1035 445 1315 493 contendat
1335 452 1390 492 et
1409 452 1586 492 tamen
1604 451 1787 508 postea

270 525 559 572 consideret
580 540 752 570 secum
772 526 824 569 in
843 522 1063 578 silentio,
1084 523 1171 568 ubi
1196 538 1348 568 nemo
1370 528 1447 567 est
1467 523 1563 567 nisi
1583 520 1709 567 deus
1731 526 1785 566 et

269 604 378 663 ipse
391 617 484 647 nec
496 604 646 647 timet
659 598 925 662 displicere
942 597 1249 653 hominibus,
1268 600 1386 660 quia
1398 599 1683 659 corripitur,
1695 595 1787 642 sed

270 679 422 722 timet
449 674 715 738 displicere
742 675 855 729 deo,
884 676 1002 736 quia
1025 690 1127 719 non
1153 675 1438 736 corrigitur,
1465 679 1519 718 et
1544 671 1785 734 deinceps

270 769 372 797 non
391 750 546 797 faciat
571 750 713 806 illud,
734 750 872 813 quod
895 753 1030 796 iuste
1050 747 1390 812 reprehensus
1412 754 1508 804 est,
1535 754 1606 803 et,
1627 763 1787 810 quan-

271 835 382 874 tum
395 827 503 874 odit
513 834 785 890 peccatum
798 843 944 872 suum
953 862 963 881 ,
976 832 1182 872 tantum
1194 824 1375 888 diligat
1387 822 1618 879 fratrem,
1631 839 1786 887 quem

269 906 429 950 sensit
457 902 660 949 hostem
688 905 888 965 peccati
918 904 1008 947 sui.
1080 900 1131 947 Si
1161 907 1337 947 autem
1367 900 1432 947 de
1460 898 1544 946 illo
1573 915 1786 946 numero

271 985 367 1034 est,
402 979 466 1025 de
505 995 604 1041 quo
639 978 834 1024 dictum
869 983 983 1023 est:
1032 974 1225 1040 Corripe
1254 975 1443 1022 stultum
1468 981 1510 1021 et
1546 973 1715 1021 adiciet
1738 980 1788 1021 ut

270 1053 415 1099 oderit
442 1060 499 1109 te,
527 1070 629 1099 non
657 1053 720 1099 de
749 1055 965 1098 caritate
993 1050 1125 1097 illius
1154 1051 1399 1098 dissensio
1426 1053 1668 1105 nascitur,
1696 1049 1787 1096 sed

270 1136 447 1175 tamen
471 1132 741 1175 caritatem
766 1126 1144 1190 reprehensoris
1171 1129 1246 1172 sui
1273 1132 1481 1172 exercet
1506 1132 1560 1171 et
1583 1125 1786 1188 probat,

271 1209 389 1269 quia
434 1223 535 1251 non
581 1208 626 1251 ei
669 1205 971 1267 rependitur
1015 1204 1205 1259 odium,
1250 1203 1342 1249 sed
1385 1201 1608 1258 dilectio,
1653 1217 1786 1265 quae

270 1285 407 1345 cogit
456 1280 853 1344 reprehendere,
903 1280 1262 1343 inperturbata
1310 1278 1575 1341 perdurat,
1628 1280 1785 1324 etiam

270 1374 385 1403 cum
419 1357 503 1403 ille
541 1360 627 1420 qui
662 1355 1001 1419 reprehensus
1046 1362 1142 1411 est,
1179 1355 1302 1402 odit.
1373 1353 1424 1400 Si
1473 1361 1649 1400 autem
1696 1352 1781 1399 ille

271 1437 357 1496 qui
405 1437 629 1496 corripit,
668 1433 885 1480 reddere
924 1431 1033 1478 vult
1071 1430 1264 1477 malum
1301 1447 1393 1493 pro
1430 1429 1565 1477 malo
1605 1432 1651 1476 ei
1700 1432 1787 1493 qui

269 1512 561 1571 corripienti
583 1509 897 1572 indignatur,
918 1524 1021 1553 non
1046 1505 1144 1553 fuit
1170 1507 1354 1570 dignus
1381 1508 1467 1568 qui
1487 1508 1784 1568 corriperet,

269 1585 359 1632 sed
405 1586 588 1649 dignus
630 1584 800 1647 plane,
844 1586 930 1647 qui
968 1586 1125 1630 etiam
1170 1585 1279 1645 ipse
1326 1584 1508 1644 corripi
1554 1581 1785 1628 deberet.

270 1661 413 1707 Haec
432 1664 588 1724 agite,
606 1667 663 1707 ut
682 1668 771 1706 aut
788 1677 890 1706 non
906 1663 1041 1705 inter
1059 1675 1144 1705 vos
1163 1661 1391 1704 existant
1407 1657 1787 1721 indignationes

272 1744 361 1783 aut
424 1744 634 1783 exortae
697 1739 872 1783 statim
935 1735 1200 1782 celerrima
1259 1750 1388 1797 pace
1449 1737 1784 1796 perimantur.

274 1813 525 1859 Maiorem
580 1814 702 1860 date
757 1829 965 1875 operam
1019 1811 1383 1858 concordandis
1437 1811 1578 1857 vobis
1633 1826 1787 1873 quam

271 1889 656 1953 redarguendis,
697 1892 833 1951 quia,
873 1891 1003 1934 sicut
1044 1894 1248 1933 acetum
1286 1889 1565 1948 corrumpit
1604 1902 1709 1941 vas,
1748 1887 1788 1931 si

269 1965 458 2012 diutius
493 1966 563 2011 ibi
598 1963 771 2020 fuerit,
808 1967 875 2010 sic
911 1966 985 2009 ira
1019 1965 1297 2025 corrumpit
1332 1979 1433 2018 cor,
1469 1964 1510 2008 si
1543 1964 1596 2007 in
1631 1960 1786 2007 alium

271 2041 406 2088 diem
447 2041 721 2087 duraverit.
792 2039 927 2085 Haec
970 2055 1090 2102 ergo
1131 2038 1271 2103 agite,
1308 2044 1350 2084 et
1396 2036 1511 2084 deus
1536 2036 1673 2101 pacis
1703 2035 1788 2083 erit

271 2115 520 2172 vobiscum,
570 2123 774 2163 orantes
817 2115 965 2161 simul
1006 2122 1059 2161 et
1107 2131 1198 2177 pro
1247 2114 1409 2169 nobis,
1450 2119 1509 2160 ut
1551 2129 1612 2160 ea
1652 2129 1785 2176 quae

273 2193 405 2239 bene
431 2208 716 2246 monemus,
743 2190 979 2237 alacriter
1003 2188 1322 2252 impleamus.

587 2317 605 2334 ‘²
636 2311 714 2351 Ad
737 2311 887 2351 horam
907 2327 916 2350 ε
951 2323 1022 2350 see
1044 2312 1147 2349 note
1168 2323 1193 2348 α
1216 2322 1274 2349 on
1296 2322 1339 2361 p.
1364 2310 1462 2349 356.

499 2367 513 2390 ²⁷
551 2366 621 2418 Cf.
646 2369 750 2406 note
771 2379 829 2405 on
851 2365 1089 2405 arbitraris
1112 2369 1264 2412 tecum,
1286 2377 1331 2416 p.
1355 2366 1395 2404 6.

336 2427 348 2445 ⁶
383 2421 510 2461 Prov.
546 2422 600 2461 ix.
637 2423 676 2461 8.
884 2419 902 2443 ‘²
940 2418 1010 2472 Cf.
1034 2432 1077 2472 p.
1108 2420 1200 2459 106.
1420 2422 1434 2440 ⁶
1468 2415 1581 2457 Phil.
1605 2417 1662 2457 iv.
1684 2418 1725 2456 9.

279 2627 374 2673 372
