1850 2964
754 119 845 167 ST.
883 120 1292 168 AUGUSTINE

267 269 369 299 non
401 270 492 300 suo
524 257 694 316 potius
729 270 884 317 quam
917 254 1105 301 ordinis
1138 256 1360 300 nomine.
1429 252 1481 299 Si
1514 258 1690 300 autem
1720 267 1778 298 re

268 337 389 367 vera
433 338 609 368 omnes
656 329 746 368 aut
789 338 950 385 prope
995 338 1171 368 omnes
1217 322 1404 369 ordinis
1449 324 1541 367 viri
1585 320 1652 368 ad
1693 336 1778 366 me

269 390 468 453 dignati
506 394 626 437 estis
667 390 867 437 litteras
910 391 1050 446 dare,
1085 393 1239 436 miror
1275 390 1414 453 quod
1447 388 1475 405 “
1499 391 1636 452 patri
1659 387 1687 404 ''
1725 395 1780 435 61

270 456 297 472 “
321 461 374 503 in
396 458 600 505 domino
623 457 843 504 salutem
867 457 894 472 ''
918 461 1203 521 scripsistis,
1225 474 1441 521 quorum
1461 456 1585 503 mihi
1606 472 1780 519 super-

269 528 496 572 stitiosus
532 525 698 573 cultus
732 525 1001 582 idolorum,
1036 534 1214 572 contra
1248 542 1381 589 quae
1414 524 1551 572 idola
1583 522 1779 571 facilius

269 593 465 656 templa
486 601 656 641 vestra
673 611 827 657 quam
843 595 995 641 corda
1014 593 1337 650 clauduntur,
1358 593 1439 640 vel
1455 596 1625 656 potius
1647 608 1779 656 quae

270 661 406 708 idola
435 680 537 709 non
565 666 728 726 magis
756 666 810 708 in
838 662 1043 725 templis
1074 679 1229 726 quam
1256 665 1310 708 in
1338 665 1518 709 vestris
1547 661 1781 708 cordibus

269 729 616 786 includuntur,
651 748 767 778 cum
799 748 988 795 magno
1024 738 1103 778 est
1137 730 1309 778 dolore
1343 733 1653 786 notissimus,
1686 731 1781 775 nisi

270 796 404 845 forte
442 802 544 845 iam
582 799 646 846 de
691 798 856 845 salute
898 802 1009 861 ipsa
1051 815 1183 862 quae
1224 802 1278 845 in
1314 799 1519 846 domino
1557 805 1655 854 est,
1689 813 1783 860 per

272 883 427 930 quam
462 883 546 913 me
584 866 806 913 salutare
844 867 1089 923 voluistis,
1126 867 1340 914 tandem
1380 867 1624 930 prudenti
1665 882 1782 912 con-

272 935 581 982 sideratione
621 938 874 999 cogitatis.
946 935 1078 981 Nam
1118 939 1158 982 si
1198 952 1300 982 non
1338 938 1413 982 ita
1453 942 1550 991 est,
1590 949 1781 998 quaeso

272 1020 377 1059 vos,
410 1004 533 1066 quid
561 1002 704 1059 laesi,
736 1004 860 1067 quid
890 1002 1078 1050 offendi
1108 1002 1509 1050 benivolentiam
1539 1009 1781 1058 vestram,

273 1078 332 1117 ut
375 1088 459 1118 me
504 1071 656 1118 titulo
703 1071 953 1134 epistulae
998 1079 1200 1118 vestrae
1244 1072 1570 1119 inridendum
1613 1073 1783 1134 potius

274 1156 429 1202 quam
462 1138 816 1187 honorandum
851 1156 961 1187 esse
994 1143 1266 1203 putaretis,
1300 1140 1492 1187 domini
1524 1139 1784 1203 praedica-

274 1207 400 1254 biles
427 1215 481 1254 61
505 1207 818 1255 dilectissimi
841 1207 1025 1255 fratres
1049 1209 1067 1255 ?

225 1282 250 1320 2
341 1275 493 1334 Quod
553 1279 689 1322 enim
748 1279 1050 1339 scripsistis:
1130 1275 1158 1292 “
1183 1275 1325 1322 Patri
1383 1276 1675 1340 Augustino
1732 1277 1787 1321 in

276 1344 480 1391 domino
510 1352 775 1391 aeternam
803 1343 1075 1401 salutem,''
1104 1361 1221 1391 cum
1246 1344 1493 1409 legerem,
1520 1350 1670 1391 tanta
1695 1359 1786 1407 spe

275 1413 445 1459 subito
499 1420 699 1459 erectus
754 1430 883 1469 sum,
936 1420 995 1459 ut
1046 1413 1311 1460 crederem
1363 1429 1450 1459 vos
1503 1412 1570 1460 ad
1619 1415 1817 1475 ipsum,

276 1481 540 1527 dominum
582 1488 635 1527 et
677 1482 742 1528 ad
780 1484 945 1544 ipsam
986 1488 1252 1527 aeternam
1292 1480 1513 1528 salutem
1554 1487 1645 1527 aut
1683 1483 1788 1526 iam

278 1565 388 1595 esse
438 1566 705 1596 conversos
755 1557 846 1596 aut
892 1566 985 1612 per
1033 1557 1265 1596 nostrum
1312 1552 1654 1596 ministerium
1701 1548 1789 1595 de-

279 1618 505 1664 siderare
557 1620 800 1664 converti.
871 1617 973 1664 Sed
1023 1619 1111 1664 ubi
1160 1617 1264 1681 legi
1314 1625 1506 1674 cetera,
1554 1615 1792 1680 refriguit

280 1689 477 1732 animus
497 1702 642 1732 meus
667 1702 678 1741 3
717 1689 945 1749 quaesivi
963 1693 1141 1732 tamen
1167 1687 1231 1732 ab
1259 1685 1510 1748 epistulae
1534 1684 1791 1748 perlatore

278 1761 451 1800 utrum
484 1757 586 1800 iam
619 1753 700 1800 vel
734 1757 913 1800 essetis
949 1753 1224 1800 Christiani
1257 1753 1338 1800 vel
1371 1770 1482 1800 esse
1515 1755 1787 1817 cuperetis.

280 1822 434 1868 Cuius
469 1825 797 1884 responsione
832 1829 1172 1885 posteaquam
1207 1825 1432 1885 comperi
1465 1838 1793 1885 nequaquam

279 1907 364 1937 vos
392 1907 502 1936 esse
527 1898 772 1946 mutatos,
798 1893 1000 1954 gravius
1026 1889 1181 1946 dolui,
1208 1891 1346 1954 quod
1371 1889 1559 1937 Christi
1583 1906 1789 1945 nomen,

280 1961 360 2005 cui
384 1961 486 2004 iam
511 1966 681 2005 totum
706 1959 883 2005 orbem
909 1960 1197 2005 subiectum
1224 1974 1334 2005 esse
1359 1961 1667 2022 conspicitis,
1691 1974 1795 2004 non

281 2026 444 2073 solum
484 2043 513 2072 a
551 2028 691 2074 vobis
729 2026 1100 2090 repellendum.
1135 2027 1228 2074 sed
1262 2029 1419 2073 etiam
1451 2029 1504 2073 in
1539 2027 1684 2073 nobis
1721 2028 1796 2071 in·
1841 2071 1845 2074 .

280 2095 551 2142 ridendum
580 2111 690 2141 esse
717 2095 1018 2142 credidistis.
1089 2094 1204 2142 Non
1232 2098 1368 2141 enim
1393 2097 1540 2158 potui
1565 2096 1793 2159 cogitare

346 2241 366 2260 ⁰
395 2235 489 2275 The
539 2235 658 2276 Ordo
705 2249 795 2276 was
843 2235 918 2275 the
966 2234 1129 2276 Senate
1176 2234 1226 2275 of
1267 2234 1344 2275 the
1389 2235 1701 2287 municipium,
1749 2248 1800 2275 or

291 2289 535 2341 municipal
552 2295 668 2330 town
687 2291 737 2331 of
748 2290 822 2330 the
842 2290 1102 2336 Provinces;
1129 2292 1384 2330 sometimes
1401 2292 1433 2330 it
1450 2291 1486 2330 is
1501 2288 1643 2330 called
1656 2290 1797 2330 curia.

292 2343 355 2385 Its
381 2345 601 2384 members
622 2358 696 2385 are
718 2345 970 2385 decuriones
992 2358 1040 2384 or
1061 2345 1265 2385 curiales.
1329 2343 1412 2385 See
1436 2348 1511 2384 too
1537 2343 1623 2385 No.
1649 2345 1705 2383 24
1729 2346 1749 2391 ἓ
1773 2345 1798 2383 8

293 2403 438 2439 “cum
474 2399 591 2451 leges
623 2431 632 2439 .
667 2431 676 2439 .
710 2431 718 2440 .
751 2401 986 2450 episcopus
1017 2397 1162 2438 ordini
1192 2398 1492 2450 replicasset.'’
1549 2398 1644 2439 The
1677 2396 1800 2439 word

296 2453 484 2494 Senatus
506 2466 596 2494 was
617 2457 664 2493 at
683 2454 770 2493 this
791 2455 898 2493 time
920 2452 1121 2494 reserved
1142 2453 1211 2493 for
1230 2453 1305 2493 the
1326 2452 1489 2494 Senate
1509 2456 1558 2493 at
1578 2452 1734 2493 Rome.

348 2508 365 2533 ὓ
395 2507 459 2548 Α5
480 2520 570 2549 was
599 2507 785 2549 ordered
813 2507 875 2559 by
896 2507 971 2548 the
997 2507 1104 2548 laws
1129 2508 1180 2548 of
1201 2509 1284 2548 399
1313 2506 1445 2560 (cod.
1474 2506 1631 2549 Theod.
1650 2517 1801 2548 xmae.

297 2572 392 2619 464
