1850 2964
764 191 855 241 ST.
894 192 1303 241 AUGUSTINE

277 343 415 382 vera,
444 329 564 390 quia
593 326 779 381 divina,
809 328 1069 372 sententia
1099 332 1195 381 est,
1224 342 1326 388 qua
1353 327 1598 388 scriptum
1628 331 1707 372 est
1733 326 1787 371 in

277 398 464 441 sanctis
513 394 653 441 libris
678 411 688 441 :
759 393 853 447 Qui
906 400 1057 440 autem
1115 393 1271 457 diligit
1326 392 1633 458 iniquitatem,
1688 392 1788 440 vodit

275 463 480 510 animam
520 480 668 510 suam.
740 462 870 509 Cum
911 479 1032 525 ergo
1073 462 1293 509 odissem
1335 465 1557 508 animam
1595 478 1785 518 meam,
1823 467 1835 473 ’

274 548 451 578 verum
489 534 707 577 amicum
743 548 843 593 quo
878 531 1030 577 modo
1066 529 1258 577 habere
1293 537 1529 593 poteram
1565 546 1627 577 ea
1660 529 1785 576 mihi

275 607 561 663 optantem,
594 602 647 645 in
680 600 862 662 quibus
895 602 1004 661 ipse
1036 615 1120 645 me
1153 601 1320 662 ipsum
1352 599 1588 662 patiebar
1620 600 1785 645 inimi-

276 669 433 715 cum?
507 667 621 715 Cum
652 684 757 714 vero
795 666 1053 731 benignitas
1088 673 1130 713 et
1161 666 1321 731 gratia
1356 666 1606 714 salvatoris
1639 665 1787 714 nostri

274 736 443 784 inluxit
485 735 597 782 mihi
638 752 730 782 non
773 735 1021 782 secundum
1065 734 1228 782 merita
1270 752 1372 782 mea
1413 735 1496 783 sed
1536 734 1785 782 secundum

275 804 424 869 ipsius
453 803 835 860 misericordiam,
858 811 917 850 tu
943 805 1007 850 ab
1033 802 1126 850 hac
1153 803 1346 850 alienus
1371 821 1472 867 quo
1495 804 1648 851 modo
1674 819 1785 850 esse

274 875 480 937 poteras
510 875 699 919 amicus
726 888 889 928 meus,
918 875 1022 935 qui,
1050 872 1187 919 unde
1213 873 1398 919 beatus
1427 888 1538 918 esse
1564 887 1786 935 possem,

274 945 481 1005 penitus
509 942 781 1005 ignorabas
814 948 867 987 et
896 958 998 986 non
1026 943 1079 986 in
1108 939 1204 986 hoc
1232 957 1316 987 me
1348 941 1574 996 amabas,
1601 943 1656 986 in
1685 957 1786 1004 quo

274 1009 399 1057 mihi
421 1013 530 1073 ipse
553 1013 656 1055 iam
679 1008 879 1055 fueram
903 1016 1184 1072 utcumque
1209 1011 1399 1056 amicus
1423 1007 1635 1055 effectus
1657 1009 1676 1055 ?

224 1086 251 1124 4
341 1079 544 1125 Gratias
594 1081 772 1141 itaque
824 1077 1046 1133 domino,
1098 1077 1236 1140 quod
1284 1084 1339 1124 te
1388 1076 1514 1123 mihi
1564 1079 1783 1123 amicum

274 1145 445 1193 facere
499 1147 712 1193 tandem
768 1144 1040 1208 aliquando
1095 1146 1352 1210 dignatur.
1446 1144 1594 1192 Nunc
1647 1148 1783 1192 enim

274 1216 418 1262 nobis
464 1222 543 1261 est
587 1213 811 1260 “rerum
854 1213 1194 1260 humanarum
1239 1221 1293 1261 et
1336 1213 1623 1261 divinarum
1666 1230 1782 1260 cum

271 1282 619 1331 benivolentia
653 1290 707 1329 et
739 1285 955 1329 caritate
989 1284 1252 1329 consensio
1277 1281 1305 1297 ''
1338 1285 1393 1328 in
1426 1281 1628 1329 Christo
1662 1281 1781 1329 Iesu

275 1352 479 1399 domino
508 1358 700 1407 nostro,
726 1354 986 1397 verissima
1021 1367 1148 1414 pace
1184 1357 1373 1397 nostra.
1444 1350 1545 1409 Qui
1581 1350 1780 1397 duobus

274 1423 562 1483 praeceptis
588 1426 771 1466 cuncta
796 1422 1068 1482 praeconia
1096 1419 1267 1466 divina
1298 1417 1544 1466 conclusit
1572 1419 1745 1466 dicens
1769 1434 1780 1465 :

274 1489 463 1553 Diliges
490 1487 725 1535 dominum
753 1487 886 1534 deum
915 1494 1041 1534 tuum
1069 1503 1124 1533 ea:
1153 1493 1243 1534 toto
1270 1486 1406 1534 corde
1432 1493 1509 1534 tuo
1536 1493 1579 1534 et
1604 1503 1660 1534 ex
1688 1493 1783 1534 tota

276 1557 433 1604 anima
469 1563 549 1603 tua
577 1563 619 1603 et
653 1573 708 1602 ex
743 1561 838 1603 tota
867 1562 1012 1602 mente
1047 1562 1144 1610 tua,
1175 1563 1259 1602 et:
1300 1555 1490 1620 Diliges
1516 1554 1782 1620 proximum

274 1632 401 1672 tuum
432 1632 669 1689 tamquam
701 1631 742 1670 te
771 1623 924 1688 ipsum
941 1643 962 1677 ;
1007 1623 1055 1670 in
1087 1622 1160 1670 his
1190 1623 1369 1670 duobus
1393 1623 1656 1688 praeceptis
1686 1629 1782 1671 tota

274 1693 346 1741 lex
360 1693 529 1757 pendet
547 1700 589 1739 et
600 1692 871 1757 prophetae.
928 1692 989 1738 In
1007 1691 1091 1738 illo
1110 1694 1273 1754 primo
1292 1709 1462 1738 rerum
1478 1692 1781 1748 divinarum,

274 1765 326 1808 in
356 1761 451 1808 hoc
481 1761 703 1808 secundo
739 1777 909 1807 rerum
940 1759 1279 1806 humanarum
1316 1767 1396 1807 est
1429 1777 1544 1807 cum
1575 1761 1782 1807 benivo-

272 1829 433 1877 lentia
474 1837 528 1877 et
568 1832 783 1876 caritate
824 1832 1102 1875 consensio.
1173 1828 1317 1875 Haec
1357 1828 1458 1876 duo
1499 1831 1540 1875 si
1578 1844 1781 1875 mecum

276 1899 557 1945 firmissime
578 1905 775 1953 teneas,
795 1900 1018 1944 amicitia
1042 1903 1216 1943 nostra
1241 1913 1361 1943 vera
1387 1913 1444 1944 ac
1469 1900 1783 1960 sempiterna

276 1970 373 2013 erit
400 1974 454 2013 et
479 1984 581 2013 non
607 1966 768 2013 solum
797 1968 1013 2012 invicem
1040 1982 1130 2012 nos
1156 1965 1247 2012 sed
1274 1967 1430 2012 etiarn
1455 1967 1552 2028 ipsi
1577 1965 1782 2012 domino

274 2036 502 2082 sociabit.

225 2111 250 2150 5
340 2103 492 2161 Quod
523 2109 581 2149 ut
614 2102 721 2158 fiat,
754 2100 994 2148 exhortor
1029 2104 1338 2165 gravitatem
1371 2107 1425 2148 et
1453 2100 1781 2164 prudentiam

276 2178 438 2228 tuam,
471 2178 530 2217 ut
561 2173 662 2216 iam
697 2173 854 2216 etiam
888 2169 1113 2216 fidelium
1146 2176 1466 2216 sacramenta
1496 2171 1782 2232 percipias;

294 2422 302 2433 ,
337 2370 354 2388 ‘²
388 2364 457 2431 Pas.
480 2367 595 2431 ³525&
607 2363 681 2404 the
708 2363 903 2431 X'ujgate
931 2364 1118 2428 ycrsiqm
1145 2363 1260 2432 after
1287 2362 1363 2403 the
1392 2362 1660 2426 Septuagint
1688 2364 1708 2402 ὁ
1739 2364 1781 2402 δὲ

279 2436 307 2489 ‘⁰³
323 2436 433 2514 3351?
437 2433 709 2513 sshssiiz‘g‘sseff
714 2434 817 2512 ‘3221
827 2415 1781 2519 ⁷1⁷3ssssssss‘z‘at‘ss’ffl⁹51312303¹¹ffi¹3⁵3w51e2331

283 2528 512 2623 haffe'ti‘i'tus
535 2583 593 2622 iii.
617 2584 705 2622 4-5.
1153 2586 1167 2604 ⁶
1200 2580 1368 2627 Cicero,
1390 2579 1511 2621 Lael.
1533 2581 1592 2621 vi.
1613 2581 1684 2621 20.

285 2647 380 2700 496
