1866 2964
769 176 859 226 ST.
898 177 1306 226 AUGUSTINE

284 314 556 376 unicuique
607 315 737 358 sicut
787 329 912 375 opus
963 311 1134 358 fuerit.
1204 310 1284 358 Sic
1335 314 1471 358 enim
1518 309 1690 375 legitis
1738 312 1792 357 in

285 386 480 431 actibus
515 383 876 447 apostolorum,
909 387 1028 447 quia
1058 390 1190 430 erant
1218 382 1316 430 illis
1345 382 1502 430 omnia
1532 381 1793 430 communia

283 463 325 502 et
349 454 708 502 distribuebatur
732 454 980 520 unicuique
1005 454 1123 502 sicut
1147 454 1311 519 cuique
1329 472 1446 520 opus
1464 461 1578 502 erat.
1645 453 1791 512 Quae

284 527 475 590 aliquid
507 526 770 574 habebant
802 530 856 573 in
888 526 1107 583 saeculo,
1142 527 1346 590 quando
1378 529 1639 591 ingressae
1673 531 1793 572 sunt

282 601 668 654 monasterium,
707 597 930 645 libenter
968 598 1095 646 illud
1134 598 1294 645 velint
1335 615 1445 646 esse
1487 613 1793 653 commune;

284 687 416 733 quae
468 677 644 717 autem
692 687 796 716 non
843 669 1126 727 habebant,
1176 687 1279 717 non
1329 686 1391 716 ea
1439 671 1793 733 quaerant‘in

283 745 610 798 monasterio,
655 758 787 805 quae
829 759 924 789 nec
965 740 1085 789 foris
1127 741 1319 788 habere
1359 748 1660 804 potuerunt,
1702 740 1794 787 sed

282 822 460 861 tamen
497 831 672 860 earum
708 813 1012 870 infirmitati,
1049 815 1186 878 quod
1222 830 1348 877 opus
1386 820 1483 869 est,
1518 813 1794 868 tribuatur,

285 889 441 932 etiam
484 889 523 932 si
564 889 836 948 pauperies
874 903 1067 943 earum,
1105 887 1310 950 quando
1345 884 1466 932 foris
1504 892 1669 941 erant,
1697 900 1793 931 nec

281 961 392 1020 ipsa
423 961 710 1004 necessaria
744 965 951 1021 poterat
987 961 1251 1013 invenire3
1300 964 1507 1004 tantum
1542 974 1645 1003 non
1674 956 1792 1004 ideo

282 1046 336 1075 se
378 1036 566 1092 putent
610 1046 720 1076 6556
762 1027 954 1085 felices,
997 1033 1117 1093 quia
1156 1032 1464 1076 invenerunt
1504 1031 1696 1075 victum
1739 1034 1794 1076 et

282 1108 645 1164 tegumentum
671 1100 820 1164 quale
845 1099 964 1148 foris
988 1104 1216 1147 invenire
1240 1118 1343 1147 non
1365 1107 1662 1164 potuerunt.

234 1180 258 1218 6
349 1172 455 1219 Nec
483 1176 684 1237 erigant
709 1176 975 1229 cervicem,
995 1175 1115 1236 quia
1142 1175 1398 1219 sociantur
1426 1173 1492 1219 ad
1519 1188 1644 1235 quas
1671 1169 1792 1219 foris

283 1245 526 1291 accedere
559 1262 661 1291 non
694 1245 974 1301 audebant,
1006 1245 1098 1291 sed
1129 1261 1328 1291 sursum
1360 1261 1444 1290 cor
1475 1242 1704 1290 habeant
1737 1250 1792 1290 et

282 1323 488 1363 terrena
517 1317 651 1363 bona
681 1333 783 1363 non
813 1323 1082 1380 quaerant,
1112 1332 1177 1362 ne
1206 1319 1453 1379 incipiant
1480 1317 1794 1362 monasteria

283 1404 393 1435 6556
424 1389 664 1435 divitibus
695 1387 841 1435 utilia
877 1406 979 1434 non
1014 1389 1343 1451 pauperibus,
1369 1388 1458 1435 sed
1485 1388 1668 1435 divites
1692 1386 1792 1433 illic

282 1459 613 1507 humiliantur
650 1467 703 1507 et
737 1477 990 1523 pauperes
1025 1460 1124 1506 illic
1158 1459 1416 1506 inflantur.
1485 1459 1588 1506 Sed
1620 1475 1791 1506 rursus

283 1535 439 1578 etiam
468 1531 583 1578 illae
614 1548 746 1595 quae
781 1531 975 1595 aliquid
1012 1548 1122 1579 esse
1156 1532 1462 1579 videbantur
1489 1534 1543 1577 in
1571 1530 1791 1587 saeculo,

282 1620 383 1649 non
430 1602 658 1650 habeant
705 1602 911 1651 fastidio
957 1620 1150 1650 sorores
1200 1620 1315 1650 suas
1365 1619 1499 1667 quae
1544 1603 1610 1650 ad
1651 1601 1790 1649 illam

281 1682 511 1721 sanctam
538 1679 839 1722 societatem
868 1692 931 1722 ex
957 1682 1268 1738 paupertate
1294 1682 1548 1722 venerunt
1571 1690 1583 1731 3
1625 1676 1791 1739 magis

282 1754 457 1793 autem
487 1748 731 1794 studeant
760 1765 862 1794 non
892 1749 955 1795 de
984 1755 1259 1810 parentum
1289 1748 1505 1795 divitum
1534 1747 1791 1811 dignitate

282 1819 373 1865 sed
413 1819 477 1866 de
516 1836 802 1883 pauperum
842 1837 1068 1866 sororum
1108 1823 1356 1867 societate
1395 1818 1613 1884 gloriari.
1683 1818 1791 1866 Nec

283 1889 612 1947 extollantur,
655 1894 695 1938 si
736 1895 992 1938 communi
1032 1895 1169 1938 vitae
1212 1892 1276 1938 de
1318 1894 1418 1938 suis
1459 1889 1790 1938 facultatibus

282 1961 473 2025 aliquid
509 1963 854 2020 contulerunt,
881 1980 945 2010 ne
984 1964 1047 2010 de
1076 1966 1176 2010 suis
1205 1964 1391 2011 divitiis
1417 1965 1580 2026 magis
1616 1979 1791 2026 super-

280 2035 425 2081 biant
474 2037 593 2098 quia
630 2052 714 2081 eas
751 2038 1061 2081 monasterio
1103 2038 1413 2098 partiuntur,
1450 2051 1604 2098 quam
1640 2037 1681 2082 si
1718 2037 1790 2081 eis

280 2108 331 2151 in
386 2105 587 2153 saeculo
641 2105 948 2153 fruerentur.
1019 2106 1135 2154 Alia
1189 2109 1379 2170 quippe
1434 2122 1789 2170 quaecumque

339 2242 357 2260 α
390 2237 498 2277 Acts
520 2238 576 2277 iv.
599 2240 670 2284 32,
692 2241 762 2278 35.

344 2290 358 2314 ὓ
390 2290 506 2332 That
547 2291 669 2332 there
711 2306 824 2333 were
867 2306 1005 2344 many
1047 2293 1099 2332 of
1135 2291 1220 2332 low
1261 2291 1422 2345 degree
1463 2291 1564 2332 who
1606 2291 1786 2333 entered

282 2348 499 2386 monastic
524 2345 599 2386 life
624 2360 813 2398 appears
838 2351 912 2387 too
937 2348 1054 2387 from
1080 2347 1145 2386 De
1173 2346 1312 2399 Opere
1341 2347 1671 2394 RIonachorum,
1697 2349 1752 2387 25
1773 2363 1783 2387 ε

283 2401 308 2416 “
326 2414 443 2440 nunc
460 2405 610 2441 autem
627 2403 810 2441 veniunt
831 2401 1094 2453 plerumque
1111 2401 1167 2441 ad
1186 2401 1300 2442 hanc
1317 2402 1636 2453 professionem
1653 2402 1786 2442 servi-

284 2456 390 2495 tutis
412 2455 495 2495 Dei
515 2460 558 2495 et
578 2469 629 2496 ex
650 2455 910 2496 condicione
926 2456 1071 2496 servili
1091 2456 1158 2496 vel
1180 2458 1314 2496 etiam
1336 2455 1496 2504 liberti,
1516 2455 1586 2497 vel
1605 2459 1786 2508 propter

283 2509 366 2549 hoc
389 2523 442 2549 ex
465 2509 664 2550 dominio
690 2510 863 2551 liberati
889 2524 966 2551 seu
994 2510 1212 2551 liberandi
1235 2515 1279 2551 et
1301 2524 1354 2551 ex
1377 2512 1469 2552 vita
1495 2512 1719 2551 rusticana
1743 2514 1787 2551 et

284 2577 337 2604 ex
358 2563 568 2615 opificum
589 2567 901 2606 exercitatione
921 2569 964 2605 et
985 2565 1158 2617 plebeio
1178 2565 1377 2606 labore.’'

286 2633 382 2676 382
