1866 2964
739 163 830 210 ST.
869 163 1277 211 AUGUSTINE

253 297 358 357 qui,
396 312 511 341 cum
550 298 857 357 posteriores
894 298 1361 358 interpretarentur
1400 303 1455 343 et
1492 297 1763 344 verborum

251 362 669 426 locutionumque
695 362 1035 410 hebraearum
1062 368 1194 410 w'am
1222 372 1378 428 atque
1403 364 1606 428 regulas
1630 382 1763 412 mor-

252 431 444 486 dacius,
477 439 536 478 ut
568 430 749 487 fertur,
782 440 1043 488 tenerent,
1075 450 1178 479 non
1210 433 1373 479 solum
1404 436 1541 480 inter
1572 450 1627 480 se
1660 450 1763 480 non

253 507 639 555 consenserunt,
688 500 779 546 sed
828 504 985 546 etiam
1034 500 1353 564 reliquerunt
1399 500 1581 557 multa,
1630 503 1763 564 quae

254 574 402 613 tanto
449 574 566 629 post
615 568 842 614 eruenda
890 576 944 614 et
989 569 1255 630 prodenda
1299 575 1644 615 remanerent.
1713 568 1764 615 Si

256 638 391 681 enim
417 636 629 682 obscura
655 642 792 692 sunt,
817 643 871 682 te
897 653 1101 699 quoque
1126 640 1179 682 in
1205 640 1276 683 eis
1301 635 1407 683 falli
1430 653 1579 699 posse
1604 637 1766 684 credi-

255 710 339 749 tur
363 719 373 758 3
415 706 455 749 si
479 702 771 759 manifesta,
793 703 903 750 illos
927 708 979 750 in
1005 708 1075 750 eis
1099 703 1205 750 falli
1227 708 1455 767 potuisse
1479 722 1582 752 non
1605 705 1766 752 credi-

255 779 354 818 tur.
424 772 588 818 Huius
638 775 796 835 igitur
845 775 918 818 rei
968 789 1059 834 pro
1110 780 1201 819 tua
1251 776 1467 820 caritate
1519 776 1763 836 expositis

252 842 414 886 causis
437 847 636 886 certum
660 856 743 886 me
767 839 922 886 facias
947 841 1333 887 obsecraverim.

209 915 232 953 3
325 907 420 953 ΙΙΙ.
462 908 590 972 Legi
607 911 763 954 etiam
780 909 1035 972 quaedam
1055 912 1260 971 scripta,
1277 925 1409 972 quae
1428 916 1520 955 tua
1536 909 1765 956 diceren-

258 983 359 1031 tur,
376 979 428 1021 in
445 975 689 1038 epistulas
706 975 922 1038 apostoli
939 976 1320 1040 Pauli,quarum
1338 978 1403 1024 ad
1419 976 1630 1023 Galatas
1646 994 1762 1023 cum

256 1044 478 1090 enodare
515 1043 688 1098 velles,
724 1047 865 1090 venit
897 1048 950 1090 in
981 1061 1162 1091 manus
1197 1045 1336 1092 locus
1367 1044 1471 1101 ille,
1507 1062 1608 1108 quo
1644 1062 1765 1108 apo-

256 1111 414 1159 stolus
440 1111 623 1158 Petrus
650 1129 677 1158 a
703 1116 986 1174 perniciosa
1010 1112 1333 1160 simulatione
1358 1120 1641 1161 revocatur.
1687 1113 1766 1160 Ibi

255 1183 593 1243 patrocinium
621 1181 874 1227 mendacii
901 1188 1197 1244 susceptum
1226 1197 1336 1228 esse
1365 1180 1445 1227 vel
1474 1182 1562 1228 abs
1590 1188 1646 1228 te
1673 1180 1766 1228 tali

258 1251 361 1294 viro
393 1247 471 1294 vel
506 1265 533 1294 a
566 1252 825 1312 quopiam,
857 1251 897 1294 si
929 1248 1054 1295 alius
1086 1248 1171 1295 illa
1201 1253 1418 1312 scripsit,
1447 1248 1633 1305 fateor,
1663 1266 1766 1295 non

258 1317 583 1363 mediocriter
615 1316 781 1372 doleo,
817 1317 979 1363 donec
1013 1316 1331 1374 refellantur,
1364 1321 1404 1364 si
1436 1316 1570 1364 forte
1601 1315 1768 1363 refelli

259 1392 490 1447 possunt,
530 1401 591 1430 ea
629 1401 762 1448 quae
800 1401 883 1430 me
922 1392 1148 1431 movent.
1219 1384 1350 1431 Mihi
1389 1388 1524 1432 enim
1562 1385 1767 1432 videtur

260 1456 615 1499 exitiosissime
632 1454 768 1500 credi
781 1452 986 1516 aliquod
1001 1457 1053 1498 in
1069 1453 1205 1499 libris
1223 1456 1409 1500 sanctis
1427 1469 1537 1500 esse
1556 1454 1768 1500 menda-

260 1524 411 1576 cium,
436 1521 489 1567 id
509 1528 606 1576 est,
627 1538 712 1567 eos
731 1520 962 1567 homines
982 1538 1074 1584 per
1099 1539 1224 1584 quos
1250 1523 1394 1568 nobis
1413 1520 1498 1567 illa
1515 1525 1767 1584 scriptura

259 1592 549 1635 ministrata
574 1596 651 1635 est
677 1597 834 1652 atque
868 1593 1171 1652 conscripta,
1205 1589 1396 1652 aliquid
1424 1592 1475 1634 in
1500 1588 1638 1635 libris
1663 1592 1765 1636 suis

258 1655 413 1703 fuisse
441 1661 703 1703 mentitos.
771 1656 887 1704 Alia
915 1661 1104 1720 quippe
1133 1661 1366 1720 quaestio
1395 1664 1492 1714 est,
1517 1661 1651 1704 sitne
1680 1656 1768 1703 ali-

257 1726 462 1787 quando
489 1729 695 1771 mentiri
721 1728 811 1771 viri
838 1726 976 1781 boni,
1004 1733 1057 1772 et
1085 1725 1181 1771 alia
1209 1729 1442 1789 quaestio
1470 1732 1567 1781 est,
1593 1732 1767 1772 utrum

323 1851 341 1868 ‘¹
373 1845 479 1884 This
494 1849 780 1897 controversy
796 1845 993 1885 between
1010 1845 1263 1897 Augustine
1281 1844 1371 1885 and
1387 1844 1415 1885 J
1419 1858 1567 1885 erome
1582 1845 1765 1885 became

265 1901 441 1940 famous
463 1902 506 1940 in
522 1900 598 1940 the
619 1900 787 1951 history
805 1901 855 1939 of
870 1900 944 1940 the
961 1899 1152 1940 Church.
1204 1899 1269 1940 St.
1289 1899 1455 1940 Peter's
1476 1901 1765 1940 inconsistent

265 1954 458 1994 conduct
475 1958 521 1994 at
540 1954 750 2001 Antioch,
773 1956 816 1994 in
834 1954 929 1993 first
944 1957 1096 2007 eating
1112 1954 1217 1995 with
1234 1955 1308 1995 the
1329 1953 1527 1995 Gentiles
1543 1954 1633 1995 and
1653 1954 1765 1994 later

265 2009 575 2061 withdrawing
603 2010 720 2049 from
750 2009 872 2048 them
894 2008 1012 2061 (Gal.
1036 2011 1078 2050 ii.
1107 2009 1267 2060 11-14),
1288 2023 1378 2049 was
1407 2008 1549 2049 found
1578 2008 1766 2049 difficult

265 2068 311 2103 to
337 2063 539 2115 explain;
583 2063 690 2103 both
718 2063 904 2103 heretics
931 2063 1020 2103 and
1048 2077 1221 2116 pag-ans
1250 2063 1359 2104 used
1388 2063 1463 2104 the
1494 2063 1690 2104 incident
1718 2067 1764 2103 to

266 2118 476 2158 discredit
495 2118 634 2158 either
657 2117 768 2158 Paul
796 2131 845 2157 or
866 2118 994 2158 Peter
1014 2118 1102 2158 and
1130 2118 1204 2158 the
1225 2118 1402 2159 Church
1423 2131 1472 2158 as
1492 2117 1603 2159 well.
1665 2117 1765 2160 One

264 2177 603 2220 commentator,
621 2172 823 2213 Clement
838 2174 889 2212 of
899 2172 1186 2220 Alexandria,
1203 2177 1279 2213 cut
1292 2173 1367 2213 the
1383 2171 1496 2213 knot
1516 2172 1578 2225 by·
1596 2172 1766 2213 declar-

266 2229 342 2279 ing
375 2227 474 2267 that
506 2227 581 2267 the
615 2227 789 2278 Cephas
824 2227 1078 2267 mentioned
1114 2229 1157 2267 in
1193 2226 1426 2268 Galatians
1459 2239 1549 2267 was
1583 2231 1662 2267 not
1696 2226 1762 2268 St.

268 2282 408 2329 Peter,
431 2282 512 2322 but
531 2296 557 2321 a
577 2281 759 2333 disciple
779 2282 830 2321 of
844 2281 919 2321 the
940 2295 1061 2321 same
1082 2295 1237 2328 name3
1269 2281 1438 2334 Origen
1463 2281 1669 2322 invented
1690 2281 1765 2322 the

265 2336 588 2387 disingenuous
609 2336 698 2375 and
720 2350 857 2376 worse
878 2336 1035 2388 theory
1057 2336 1155 2376 that
1175 2336 1249 2376 the
1270 2336 1447 2388 dispute
1469 2336 1667 2376 between
1687 2336 1763 2376 the

265 2395 352 2430 two
386 2390 580 2442 apostles
606 2404 697 2430 was
729 2390 966 2430 simulated
999 2393 1042 2430 in
1074 2390 1203 2431 order
1233 2391 1308 2431 the
1340 2404 1461 2430 more
1492 2390 1689 2442 severely
1717 2394 1764 2431 to

261 2445 481 2485 condemn
502 2445 576 2484 the
601 2444 848 2485 Judaizers.
910 2445 1016 2485 This
1038 2447 1146 2485 view
1166 2445 1308 2485 found
1328 2445 1441 2485 wide
1468 2449 1759 2497 acceptance:

266 2502 298 2539 it
318 2514 407 2539 was
428 2499 649 2539 defended
670 2498 759 2539 and
782 2499 921 2551 urged
943 2500 1003 2551 by
1024 2499 1314 2551 Chrysostom
1336 2499 1441 2546 and,
1464 2501 1508 2539 in
1529 2499 1604 2538 the
1623 2499 1761 2546 West,

265 2554 371 2594 with
392 2554 721 2594 characteristic
741 2555 912 2606 vigour,
936 2554 995 2607 by
1016 2554 1043 2594 J
1048 2567 1209 2595 erome.
1273 2554 1529 2607 Augustine
1549 2553 1652 2594 here
1672 2553 1762 2594 and

267 2618 331 2666 60
