1866 2964
255 740 273 778 1

774 130 864 177 ST.
903 129 1310 176 AUGUSTINE

760 284 854 331 No.
880 289 910 339 9
934 284 1049 348 (Ep.
1074 281 1326 346 XXVIII)

302 415 563 457 DOMINO
608 413 1057 456 DILECTISSIMO
1103 414 1180 454 ET
1227 413 1437 454 CULTU
1464 409 1796 454 SINCERIS-

416 480 573 522 SIMO
656 479 986 521 CARITATIS
1071 477 1499 519 OBSERVANDO
1581 475 1794 526 ATQUE

408 544 881 586 AMPLECTENDO
905 544 1134 584 FRATRI
1159 544 1235 584 ET
1256 539 1795 584 CONPRESBYTERO

406 609 801 650 HIERONYMO
834 607 1243 650 AUGLVSTINL'S

366 729 406 774 I.
445 728 738 791 Numquam
787 743 951 790 aeque
994 730 1263 790 quisquam
1303 725 1433 772 facie
1474 725 1685 772 cuilibet
1723 727 1799 771 in-

289 810 459 854 notuit
484 824 638 870 quam
662 805 785 852 mihi
810 813 1015 852 tuorum
1030 809 1082 851 in
1102 806 1306 852 domino
1323 805 1606 852 studiorum
1623 807 1801 868 quieta

289 886 489 932 laetitia
541 892 593 931 et
645 901 764 931 vere
816 887 1117 930 exercitatio
1165 883 1403 930 liberalis.
1472 883 1798 946 Quamquam

289 981 411 1028 ergo
451 967 748 1027 percupiam
789 966 994 1009 omnino
1034 969 1087 1009 te
1130 979 1295 1018 nosse,
1335 969 1513 1008 tamen
1554 965 1798 1025 exiguum

291 1043 535 1106 quiddam
586 1045 663 1088 tui
713 1045 879 1088 minus
931 1040 1115 1096 habeo,
1164 1044 1511 1103 praesentiam
1562 1039 1800 1087 videlicet

289 1124 526 1184 corporis.
596 1120 764 1179 Quam
788 1123 950 1182 ipsam
975 1123 1151 1175 etiam,
1173 1127 1512 1182 posteaquam
1534 1126 1588 1165 te
1611 1119 1806 1165 beatis-

290 1203 444 1246 simus
464 1216 598 1245 nunc
618 1202 882 1261 episcopus
901 1205 1024 1245 tunc
1043 1215 1162 1244 vero
1180 1201 1281 1243 iam
1301 1201 1599 1260 episcopatu
1616 1197 1801 1260 dignus

291 1277 452 1325 frater
498 1277 714 1341 Alypius
761 1278 887 1324 vidit
933 1293 1272 1339 remeansque
1320 1293 1349 1322 a
1393 1293 1477 1322 me
1523 1279 1657 1322 visus
1704 1281 1802 1331 est,

293 1373 483 1421 negare
511 1373 612 1402 non
637 1373 843 1418 possum
869 1372 1059 1419 magna
1086 1371 1149 1401 ex
1175 1362 1322 1417 parte
1348 1353 1472 1400 mihi
1499 1371 1609 1401 esse
1634 1353 1802 1400 relatu

295 1439 402 1482 eius
426 1438 708 1497 inpressam
735 1441 788 1480 et
815 1441 935 1480 ante
968 1434 1211 1489 reditum,
1237 1450 1351 1479 cum
1384 1440 1438 1479 te
1463 1432 1545 1479 ille
1569 1433 1640 1479 ibi
1664 1433 1803 1480 vide-

293 1515 402 1569 bat,
433 1530 528 1577 ego
558 1513 795 1560 videbam
825 1512 916 1558 sed
945 1511 1099 1558 oculis
1129 1515 1252 1558 eius.
1323 1511 1437 1558 Non
1467 1514 1603 1558 enim
1633 1514 1802 1557 animo

292 1609 376 1638 me
400 1599 556 1654 atque
578 1590 722 1637 illum
744 1591 835 1637 sed
856 1607 1063 1652 corpore
1087 1591 1231 1645 duos,
1253 1593 1340 1653 qui
1361 1593 1578 1646 noverit,
1598 1590 1804 1645 dixerit,

290 1670 557 1717 concordia
593 1670 715 1716 dum
750 1676 899 1715 taxat
935 1676 989 1714 et
1023 1667 1372 1715 familiaritate
1409 1669 1668 1724 fidissima,
1701 1685 1804 1715 non

291 1752 505 1804 meritis,
524 1748 706 1811 quibus
726 1746 808 1793 ille
829 1746 1107 1793 antecellit.
1177 1746 1309 1805 Quia
1329 1763 1451 1810 ergo
1467 1763 1551 1794 me
1568 1750 1804 1810 primitus

290 1830 646 1874 communione
681 1829 904 1888 spiritus,
940 1842 1040 1889 quo
1074 1829 1125 1871 in
1160 1843 1318 1871 unum
1352 1828 1581 1882 nitimur,
1616 1826 1804 1873 deinde

289 1905 421 1952 illius
445 1922 508 1951 ex
532 1921 618 1951 ore
641 1907 742 1949 iam
766 1903 951 1967 diligis,
974 1920 1301 1966 nequaquam
1325 1905 1638 1966 inpudenter
1660 1907 1802 1968 quasi

293 1984 472 2047 aliquis
502 1987 708 2046 ignotus
739 1983 1041 2028 commendo
1071 1985 1405 2045 germanitati
1435 1989 1558 2029 tuae
1588 1981 1803 2030 fratrem

293 2061 641 2116 Profuturum,
684 2078 838 2124 quem
881 2064 1065 2106 nostris
1108 2062 1393 2116 conatibus,
1435 2061 1622 2108 deinde
1665 2062 1806 2108 adiu-

359 2292 377 2310 α
409 2286 597 2326 XVritten
628 2286 743 2324 from
778 2285 944 2335 Hippo.
1006 2284 1187 2325 Jerome
1217 2298 1307 2325 was
1338 2289 1384 2325 at
1416 2285 1692 2335 Bethlehem,
1723 2287 1806 2327 but

298 2341 494 2393 through
530 2354 555 2379 a
590 2342 721 2379 series
755 2340 806 2379 of
836 2339 1033 2390 mishaps
1067 2339 1154 2379 this
1188 2338 1315 2380 letter
1347 2353 1438 2380 was
1472 2345 1550 2381 not
1581 2340 1804 2382 delivered

300 2396 412 2435 until
435 2397 536 2434 nine
557 2408 686 2446 years
706 2393 829 2433 later.

358 2451 373 2474 ⁶
408 2450 672 2489 Profuturus
708 2462 798 2488 was
837 2461 863 2486 a
903 2447 1101 2487 member
1137 2448 1189 2487 of
1219 2448 1511 2500 Augustine's
1548 2453 1805 2502 monastery

300 2508 346 2543 at
381 2504 549 2556 Hippo.
612 2503 681 2544 He
716 2516 806 2542 was
840 2501 1081 2555 prevented
1115 2502 1231 2542 from
1266 2505 1432 2556 setting
1465 2508 1544 2544 out
1577 2504 1683 2544 with
1716 2505 1806 2545 this

303 2568 365 2617 56
