1850 2964
781 183 872 232 ST.
911 183 1319 232 AUGUSTINE

299 314 497 362 fallacia
534 323 629 373 est,
665 334 766 380 qua
798 334 901 364 non
934 318 1113 364 dubito
1149 320 1306 363 etiam
1338 319 1472 379 ipsos
1505 317 1714 362 maritos
1748 329 1802 359 se

296 384 428 431 nolle
458 385 641 448 decipi,
670 386 852 448 quibus
881 385 995 432 solis
1023 385 1404 448 permittendae
1433 390 1553 430 sunt
1578 381 1802 429 feminae

296 456 462 498 ornari
499 454 779 500 secundum
816 456 1033 509 veniam,
1060 470 1162 500 non
1199 453 1479 499 secundum
1514 453 1801 514 imperium.

298 520 429 566 Nam
454 537 601 568 verus
627 529 835 568 ornatus
864 525 1087 568 maxime
1120 520 1521 567 Christianorum
1553 526 1607 566 et
1637 517 1804 565 Chris-

296 591 551 635 tianarum
575 606 677 636 non
700 597 906 636 tantum
930 589 1095 636 nullus
1120 587 1264 636 fucus
1288 588 1512 635 mendax
1536 603 1713 634 verum
1736 601 1802 631 ne

298 659 405 702 auri
430 658 637 720 quidem
662 661 920 721 vestisque
944 674 1150 721 pompa,
1175 657 1266 704 sed
1288 673 1454 703 mores
1477 656 1599 702 boni
1622 660 1757 701 sunt.

246 731 271 768 2
360 725 661 772 Execranda
680 733 854 772 autem
872 728 1166 788 superstitio
1181 724 1535 789 ligaturarum,
1550 727 1604 769 in
1619 722 1802 786 quibus

298 795 455 839 etiam
481 796 683 840 inaures
711 797 932 841 virorum
959 797 1011 839 in
1039 797 1246 840 summis
1277 809 1340 839 ex
1368 809 1470 839 una
1496 798 1645 855 parte
1674 792 1804 836 auri-

297 860 418 907 culis
469 878 745 925 suspensae
805 863 1121 925 deputantur
1146 878 1156 908 t
1226 878 1329 907 non
1382 861 1447 907 ad
1497 857 1802 923 placendum

296 927 582 976 hominibus
600 930 691 977 sed
708 930 772 977 ad
788 930 1110 976 serviendum
1127 929 1459 976 daemonibus
1477 926 1800 975 adhibentur.

297 995 421 1055 Quis
471 1005 646 1044 autem
704 1001 863 1061 possit
912 997 1155 1061 speciales
1204 996 1514 1043 nefariarum
1562 996 1804 1058 supersti-

295 1068 493 1111 tionum
511 1065 878 1129 prohibitiones
898 1069 949 1112 in
970 1068 1228 1128 scripturis
1246 1067 1492 1120 invenire,
1512 1080 1627 1110 cum
1647 1078 1803 1127 gene-

296 1132 472 1180 raliter
520 1133 777 1197 apostolus
820 1135 957 1181 dicat
982 1151 992 1180 :
1053 1133 1178 1180 Nolo
1223 1150 1304 1180 vos
1351 1132 1500 1179 socios
1529 1130 1649 1194 fleri
1694 1129 1804 1176 dae-

298 1201 571 1258 moniorum,
607 1210 659 1248 et
694 1205 917 1248 iterum:
960 1201 1094 1255 Quae
1130 1201 1249 1248 enim
1286 1199 1590 1247 consonantia
1630 1196 1803 1246 Christi

299 1268 362 1315 ad
416 1269 611 1317 Belial?
673 1273 768 1316 nisi
820 1269 971 1326 forte,
1026 1273 1144 1333 quia
1201 1268 1361 1315 Belial
1416 1270 1697 1315 nominavit
1750 1272 1804 1312 et

298 1337 591 1400 generalem
626 1341 927 1385 societatem
961 1338 1346 1385 daemoniorum
1377 1335 1654 1399 prohibuit,
1683 1333 1805 1380 licet

299 1404 595 1452 Christianis
623 1406 901 1453 sacrificare
930 1405 1190 1469 Neptuno,
1218 1409 1337 1469 quia
1361 1403 1486 1450 nihil
1509 1405 1712 1467 proprie
1739 1402 1804 1449 de

359 1591 377 1610 α
407 1586 549 1627 These
583 1585 772 1627 amulets
807 1601 921 1627 were
955 1585 1064 1627 used
1101 1585 1340 1638 especially
1373 1589 1420 1626 to
1455 1598 1560 1626 cure
1593 1583 1802 1628 diseases,

297 1640 386 1681 and
422 1641 536 1682 their
569 1655 647 1682 use
682 1654 823 1682 seems
857 1646 903 1682 to
940 1641 1052 1681 have
1086 1640 1200 1681 been
1234 1654 1443 1681 common
1479 1643 1526 1680 at
1559 1639 1646 1680 this
1680 1640 1802 1679 time.

298 1696 552 1748 Augustine
584 1695 841 1748 repeatedly
869 1696 1003 1736 refers
1037 1700 1082 1736 to
1113 1698 1146 1736 it
1173 1695 1247 1747 (In
1274 1695 1349 1736 Ps.
1379 1697 1449 1742 33,
1479 1694 1617 1734 Serm.
1646 1695 1688 1740 2,
1722 1695 1802 1738 18;

300 1753 368 1791 93.
391 1753 476 1797 20;
510 1751 564 1790 In
586 1751 708 1791 Ioan.
730 1750 811 1791 Ευ.
838 1754 877 1791 3.
910 1753 989 1797 14ς
1025 1750 1161 1790 Serm.
1187 1752 1285 1790 286.
1319 1752 1359 1797 7,
1389 1751 1487 1790 318.
1519 1751 1561 1796 3,
1586 1747 1688 1799 etc.)
1713 1745 1804 1787 and

302 1806 346 1845 in
363 1805 427 1846 De
448 1805 596 1846 Doctr.
625 1805 726 1846 Chr.
750 1807 792 1846 ii.
815 1808 884 1846 ΩΟ.
907 1808 961 1846 30
983 1806 1203 1845 mentions
1224 1807 1257 1844 it
1276 1817 1443 1856 among
1467 1803 1593 1844 other
1612 1802 1803 1847 charms,

305 1859 542 1912 especially
562 1860 638 1900 the
658 1861 856 1912 earrings
877 1859 1049 1911 spoken
1071 1861 1122 1900 of
1146 1861 1190 1899 in
1211 1859 1286 1899 the
1305 1862 1420 1899 text:
1455 1857 1537 1898 ‘ad
1559 1857 1643 1898 hoc
1661 1869 1804 1909 genus

305 1914 662 1967 [superstitionis]
681 1916 903 1966 pertinent
916 1927 1069 1954 omnes
1083 1916 1217 1954 etiam
1231 1913 1449 1966 ligaturae
1462 1916 1597 1964 atque
1610 1910 1805 1952 remedia

351 2000 361 2010 .
396 2000 405 2010 .
438 1971 529 2009 sive
546 1971 589 2009 in
610 1969 1064 2021 praecantationibus,
1086 1970 1176 2009 sive
1197 1970 1242 2008 in
1263 1966 1535 2020 quibusdam
1555 1967 1671 2007 notis
1692 1978 1805 2018 quos

309 2023 318 2039 ‘
338 2023 614 2064 characteres
635 2024 644 2040 '
676 2027 852 2071 vocant,
883 2026 973 2064 sive
1008 2025 1051 2063 in
1082 2023 1335 2075 quibusque
1373 2021 1504 2062 rebus
1533 2019 1808 2073 suspenden-

304 2077 372 2118 dis
402 2083 537 2130 atque
571 2078 796 2131 illigandis
824 2077 890 2118 vel
922 2080 1057 2118 etiam
1091 2076 1299 2130 aptandis
1337 2074 1672 2128 quodammodo
1704 2105 1715 2116 .
1747 2104 1760 2116 .
1793 2104 1804 2115 .

301 2132 359 2172 ad
395 2132 616 2185 quasdam
652 2132 997 2185 significationes
1033 2137 1112 2172 aut
1147 2131 1343 2172 occultas
1379 2135 1458 2171 aut
1492 2131 1627 2171 etiam
1664 2130 1806 2169 mani-

301 2189 466 2235 festas;
501 2218 512 2229 .
545 2219 555 2229 .
590 2219 599 2228 .
633 2189 747 2228 sicut
784 2191 887 2227 sunt
926 2189 1102 2227 inaures
1141 2189 1185 2227 in
1224 2199 1400 2226 summo
1438 2186 1616 2225 aurium
1654 2185 1806 2236 singu-

301 2241 445 2282 larum
480 2246 558 2282 aut
592 2241 648 2282 de
682 2242 982 2282 struthionum
1017 2241 1190 2282 ossibus
1225 2239 1409 2280 ansulae
1444 2241 1489 2280 in
1523 2238 1690 2291 digitis,
1726 2241 1805 2278 aut

301 2310 404 2336 cum
442 2296 524 2336 tibi
563 2295 724 2337 dicitur
762 2296 1054 2348 singultienti,
1095 2300 1144 2336 ut
1182 2295 1362 2336 dextera
1401 2307 1538 2334 manu
1577 2294 1805 2334 sinistrum

302 2350 507 2402 pollicem
530 2350 728 2391 teneas.’'
790 2351 860 2391 He
883 2350 1130 2402 complains
1153 2354 1227 2390 too
1250 2349 1349 2390 that
1371 2348 1447 2389 the
1471 2348 1691 2400 ligaturae
1714 2345 1804 2386 had

302 2405 377 2446 the
412 2419 544 2446 name
579 2406 630 2446 of
662 2405 809 2445 Christ
844 2407 1017 2445 written
1053 2418 1111 2444 on
1147 2404 1284 2452 them,
1321 2417 1370 2444 so
1405 2415 1454 2443 as
1489 2406 1536 2442 to
1571 2405 1696 2442 avert
1729 2400 1806 2441 the

302 2461 525 2511 suspicion
554 2461 605 2499 of
629 2459 703 2500 the
732 2459 977 2500 Christians
1006 2459 1080 2510 (In
1102 2459 1163 2499 Io.
1185 2458 1268 2499 Ev.
1291 2461 1331 2499 7.
1354 2458 1413 2508 6),
1434 2455 1524 2497 and
1544 2455 1642 2496 that
1662 2457 1696 2496 it
1715 2467 1805 2495 was

302 2528 329 2554 a
357 2528 564 2554 common
594 2515 786 2566 practice
814 2518 859 2554 to
888 2515 1031 2554 fasten
1061 2527 1088 2553 a
1116 2526 1232 2565 copy
1261 2513 1312 2553 of
1334 2511 1410 2553 the
1438 2509 1627 2563 Gospels
1655 2513 1701 2551 to
1729 2508 1806 2550 the

304 2568 433 2616 head,
458 2570 495 2608 if
512 2571 544 2609 it
565 2567 721 2616 ached,
743 2581 792 2609 as
813 2582 840 2608 a
861 2567 1032 2620 doubly
1052 2581 1152 2608 sure
1175 2568 1373 2619 liqatura
1393 2565 1468 2619 (ib.
1493 2568 1533 2607 7.
1560 2564 1645 2614 12).

311 2651 406 2692 480
