1866 2964
743 179 834 229 ST.
873 179 1281 230 AUGUSTINE

258 313 484 362 sanando
519 313 589 360 illi
625 314 784 362 dolori
832 315 966 378 quod
1017 314 1244 362 delectat
1292 313 1553 377 expediat,
1588 315 1629 361 si
1663 330 1766 361 non

259 389 337 429 est
399 389 614 438 certum,
676 383 904 429 medicus
966 383 1274 430 consulatur.
1345 383 1452 429 Nec
1515 390 1637 429 eant
1699 382 1765 430 ad

257 449 465 497 balneas
511 454 614 497 sive
661 468 983 514 quocumque
1028 454 1100 497 ire
1146 467 1354 497 necesse
1399 449 1556 497 fuerit
1598 453 1766 497 minus

258 535 411 581 quam
435 526 555 564 tres.
627 518 734 564 Nec
757 518 840 564 illa
866 535 997 582 quae
1031 518 1190 565 habet
1224 518 1392 582 aliquo
1417 519 1571 565 eundi
1594 535 1767 565 neces-

257 589 483 641 sitatem,
520 603 635 632 cum
672 588 854 649 quibus
890 590 999 649 ipsa
1036 586 1269 642 voluerit,
1306 587 1397 633 sed
1432 604 1547 633 cum
1584 587 1766 649 quibus

255 657 547 717 praeposita
565 657 786 709 iusserit,
810 658 882 700 ire
909 655 1136 701 debebit.
1206 656 1604 718 Aegrotantium
1629 671 1766 710 cura,

257 725 360 767 sive
388 729 502 784 post
531 723 908 785 aegritudinem
933 722 1323 769 reficiendarum
1349 726 1453 768 sive
1481 722 1651 786 aliqua
1675 725 1767 768 im-

257 789 537 836 becillitate
581 793 738 836 etiam
787 794 894 836 sine
942 789 1169 837 febribus
1218 790 1577 846 laborantium,
1620 789 1768 836 alicui

257 857 415 904 debet
443 861 656 921 iniungi,
684 865 742 904 ut
772 862 882 920 ipsa
912 859 975 905 de
1007 858 1209 904 cellario
1238 866 1387 921 petat
1417 859 1555 921 quod
1583 861 1767 921 cuique

257 942 383 988 opus
413 942 521 971 esse
548 929 900 988 perspexerit3
939 930 1043 972 sive
1076 934 1251 972 autem
1277 943 1409 990 quae
1435 925 1637 972 cellario
1663 929 1767 972 sive

257 1010 389 1056 quae
414 995 640 1040 vestibus
666 997 769 1040 sive
796 1011 927 1057 quae
953 995 1208 1041 codicibus
1232 1001 1635 1057 praeponuntur,
1659 997 1767 1041 sine

255 1078 514 1107 murmure
538 1065 761 1108 serviant
785 1064 1036 1109 sororibus
1061 1066 1176 1109 suis.
1247 1062 1458 1109 Codices
1481 1069 1623 1109 certa
1643 1061 1769 1109 hora

256 1129 464 1193 singulis
483 1130 662 1176 diebus
678 1137 925 1193 petantur
950 1146 960 1186 3
997 1138 1143 1176 extra
1160 1130 1337 1177 horam
1355 1147 1487 1194 quae
1503 1133 1768 1193 petierint,

256 1214 358 1243 non
419 1201 684 1260 accipiant.
755 1198 1080 1245 Vestimenta
1141 1215 1258 1245 vero
1320 1206 1373 1245 et
1432 1199 1767 1245 calciamenta

256 1266 460 1328 quando
485 1265 676 1312 fuerint
700 1266 1049 1330 indigentibus
1077 1270 1378 1322 necessaria,
1398 1267 1520 1314 dare
1545 1283 1648 1313 non
1672 1265 1767 1312 dif-

253 1331 442 1389 ferant,
468 1335 561 1380 sub
588 1351 803 1397 quarum
829 1335 1059 1381 custodia
1085 1342 1222 1390 sunt,
1249 1351 1380 1398 quae
1406 1342 1699 1397 poscuntur.

181 1408 232 1445 14
322 1401 464 1448 Lites
517 1409 606 1448 aut
657 1401 818 1448 nullas
870 1401 1104 1449 habeatis
1157 1410 1247 1449 aut
1298 1420 1453 1466 quam
1503 1402 1766 1449 celerrime

256 1468 461 1525 finiatis,
492 1486 555 1516 ne
586 1473 659 1515 ira
690 1478 884 1516 crescat
914 1473 967 1516 in
997 1471 1170 1517 odium
1202 1478 1256 1518 et
1285 1472 1487 1518 trabem
1516 1469 1673 1517 faciat
1702 1471 1766 1518 de

254 1535 453 1583 festuca
491 1545 543 1584 et
582 1541 803 1584 animam
833 1537 989 1585 faciat
1018 1538 1339 1586 homicidam.
1410 1538 1592 1603 Neque
1631 1541 1767 1585 enim

255 1606 320 1651 ad
344 1605 473 1652 solos
498 1609 627 1652 viros
664 1609 910 1668 pertinet,
936 1608 1072 1670 quod
1109 1610 1354 1670 scriptum
1380 1614 1460 1654 est
1483 1624 1494 1653 ε
1555 1606 1650 1660 Qui
1672 1606 1770 1653 odit

239 1672 452 1737 fratrem
478 1691 629 1730 suum,
656 1674 886 1720 homicida
912 1681 995 1730 est,
1022 1675 1113 1722 sed
1139 1692 1264 1721 sexu
1289 1674 1586 1731 masculino,
1612 1691 1766 1738 quem

251 1745 472 1803 primum
495 1742 620 1788 deus
641 1740 782 1798 fecit,
806 1746 962 1789 etiam
985 1741 1237 1789 femineus
1259 1760 1410 1790 sexus
1431 1750 1766 1806 praeceptum

254 1813 465 1872 accepit.
551 1809 920 1873 Quaecumque
968 1814 1192 1858 convicio
1239 1811 1321 1857 vel
1365 1811 1639 1858 maledicto
1687 1810 1767 1857 vel

253 1881 410 1923 etiam
450 1881 671 1924 criminis
711 1879 916 1925 obiectu
957 1878 1172 1926 alteram
1212 1878 1435 1935 laeserit,
1474 1882 1767 1926 meminerit

316 2024 333 2042 α
367 2018 593 2059 Churches
618 2018 849 2071 possessed
875 2019 1074 2060 libraries
1098 2021 1216 2060 from
1241 2034 1299 2060 an
1324 2019 1447 2072 early
1467 2019 1583 2060 date.
1639 2020 1765 2072 They

255 2087 330 2113 are
362 2073 618 2125 frequently
651 2073 843 2114 referred
876 2078 922 2114 to
956 2074 1121 2127 during
1153 2075 1229 2115 the
1262 2077 1429 2116 seizure
1462 2076 1513 2115 of
1541 2075 1765 2115 Christian

256 2127 400 2168 books
423 2130 466 2168 in
492 2128 564 2168 the
588 2128 836 2168 Diocletian
858 2131 1151 2180 persecution.
1205 2130 1298 2170 The
1321 2131 1429 2170 Acts
1451 2131 1502 2170 of
1521 2129 1765 2182 Purgation

255 2184 306 2222 of
338 2182 560 2223 Caeciliam
597 2182 687 2222 and
726 2183 860 2230 Felix,
897 2185 966 2223 for
1001 2184 1218 2236 example,
1256 2186 1454 2224 mention
1491 2198 1574 2224 one
1610 2186 1655 2224 111
1689 2184 1765 2224 the

254 2237 420 2277 church
452 2242 497 2277 at
529 2237 650 2277 Cirta
675 2237 797 2289 early
820 2239 864 2277 in
888 2238 962 2278 the
992 2239 1143 2278 fourth
1173 2243 1374 2291 century,
1398 2238 1488 2278 and
1512 2239 1765 2291 Augustine

254 2292 417 2343 speaks
443 2293 493 2331 of
514 2292 587 2331 the
614 2292 781 2343 library
806 2293 857 2332 of
878 2292 944 2332 his
970 2293 1137 2333 church
1163 2298 1209 2333 at
1236 2293 1388 2346 Hippo
1414 2295 1459 2333 in
1484 2293 1570 2345 Ep.
1597 2295 1762 2334 ccxxxi.

256 2350 277 2386 7
315 2346 678 2386 “bibliothecam
713 2351 927 2395 nostram,
963 2352 1012 2387 ut
1045 2350 1133 2388 sint
1172 2347 1291 2388 unde
1321 2348 1421 2388 libri
1452 2347 1522 2388 vel
1552 2352 1764 2400 parentur

253 2401 321 2441 vel
361 2405 636 2453 reparentur,
676 2400 888 2441 adiuvare
936 2401 1148 2454 dignatus
1189 2402 1281 2450 es,”
1325 2402 1416 2442 and
1464 2402 1557 2442 also
1606 2404 1650 2442 in
1698 2402 1765 2442 De

257 2455 433 2495 llam-es.
476 2458 529 2495 80
570 2456 763 2507 “ipsum
803 2458 896 2495 eius
936 2456 1202 2507 opusculum
1237 2459 1282 2496 in
1314 2461 1465 2497 nostra
1494 2455 1764 2497 bibliotheca

253 2511 447 2550 invenire
493 2523 581 2549 non
625 2510 900 2561 potuimus.''
967 2510 1109 2552 There
1154 2514 1188 2551 is
1228 2512 1435 2564 frequent
1477 2513 1674 2551 mention
1717 2512 1770 2551 of

251 2565 418 2604 church
458 2563 655 2604 libraries
696 2566 740 2604 in
775 2565 984 2605 Jerome:
1035 2579 1113 2617 ay.
1148 2566 1233 2618 Ep.
1267 2570 1336 2606 49.
1370 2569 1397 2607 3
1430 2566 1455 2582 “
1477 2565 1762 2606 ecclesiarum

256 2634 349 2681 398
