1850 2964
775 160 866 208 ST.
905 161 1314 209 AUGUSTINE

287 309 375 358 que
403 292 666 350 carissima,
688 310 1002 358 quaecumque
1026 293 1170 341 bonae
1178 293 1372 359 famae,
1393 294 1435 342 si
1457 312 1551 359 qua
1573 295 1736 352 virtus,
1757 295 1800 344 si

287 400 380 447 qua
414 383 535 438 laus,
569 383 682 429 haec
713 383 909 447 cogitate
926 403 946 437 ,·
989 400 1109 448 quae
1140 383 1369 431 didicistis
1415 390 1458 431 et
1485 384 1727 449 accepistis
1757 391 1800 432 et

288 471 486 519 audistis
521 478 562 518 et
597 472 778 519 vidistis
812 472 861 519 in
897 489 984 528 me,
1020 473 1133 519 haec
1168 472 1292 536 agite
1326 479 1368 519 ct
1401 472 1515 520 deus
1543 473 1680 553 pacis
1714 473 1800 521 erit

287 560 534 608 vobiscum.
605 561 793 608 Cetera
827 565 984 626 igitur
1017 579 1148 625 quae
1182 579 1333 625 supra
1366 556 1800 620 commemoravit,

288 654 489 697 w‘rtutis
509 655 713 697 nomine
739 651 1003 714 amplexus
1030 659 1124 707 est,
1146 652 1318 698 dicens
1343 651 1370 667 “
1391 651 1432 699 si
1454 656 1549 717 qua
1571 652 1717 700 virtus
1736 652 1764 668 ''
1788 667 1801 708 ;

287 739 412 787 illud
436 748 611 786 autem
631 741 768 804 quod
787 741 1003 787 subiecit
1029 740 1056 755 “
1078 757 1392 805 quaecumque
1417 740 1561 788 bonae
1572 740 1799 807 famae,''

289 829 385 876 alio
421 847 522 876 uno
557 831 713 876 verbo
748 847 972 894 congruo
1006 837 1306 892 prosecutus
1344 837 1422 877 est
1457 831 1672 878 dicendo
1707 830 1735 848 ‘⁴
1760 830 1802 878 si

288 936 381 984 qua
413 918 570 966 laus.’'
640 919 791 978 Quod
819 922 996 982 itaque
1029 922 1101 965 ait
1126 936 1135 966 z
1184 919 1236 965 Si
1265 919 1526 967 hominibus
1549 920 1801 984 placerem,

292 1007 465 1056 Christi
499 1025 658 1055 servus
694 1025 785 1055 non
822 1025 985 1064 essem,
1017 1011 1086 1054 sic
1122 1012 1301 1072 utique
1335 1010 1687 1072 accipiendum
1723 1016 1802 1057 est

288 1105 555 1161 tamquam
585 1098 807 1145 dixerit-t
856 1097 882 1113 “
910 1097 960 1144 Si
994 1099 1127 1145 bona
1163 1115 1294 1161 quae
1328 1097 1477 1155 facio,
1506 1099 1606 1145 fine
1638 1098 1802 1147 laudis

288 1186 544 1234 humanae
615 1186 858 1243 facerem,
928 1187 1092 1234 laudis
1165 1204 1336 1234 amore
1406 1187 1802 1236 tumescerem.''

289 1276 509 1324 Volebat
532 1293 653 1341 ergo
675 1276 933 1340 apostolus
954 1276 1156 1340 placere
1179 1278 1412 1324 omnibus
1435 1284 1488 1324 et
1509 1281 1580 1324 eis
1599 1277 1802 1341 placere

290 1367 571 1431 gaudebat,
613 1384 715 1413 non
757 1384 973 1430 quorum
1013 1366 1249 1413 laudibus
1291 1368 1616 1414 tumescebat
1654 1371 1708 1414 in
1748 1384 1802 1415 se

289 1460 416 1520 ipso,
447 1457 539 1503 sed
569 1474 694 1520 quos
724 1456 963 1503 laudatus
995 1456 1301 1503 aedificabat
1330 1460 1383 1502 in
1413 1455 1632 1504 Christo.
1703 1457 1805 1504 Cur

292 1563 413 1610 ergo
434 1563 518 1592 me
540 1563 642 1592 non
664 1545 891 1593 delectet
912 1545 1108 1593 laudari
1131 1547 1219 1592 abs
1241 1553 1314 1602 te,
1335 1563 1451 1593 cum
1473 1553 1527 1593 et
1547 1549 1622 1593 vir
1641 1547 1804 1594 bonus

293 1639 376 1692 sis,
410 1652 476 1682 ne
510 1652 593 1682 me
628 1634 792 1692 fallas,
828 1642 880 1682 et
917 1652 977 1682 ea
1010 1634 1188 1682 laudes
1233 1652 1365 1698 quae
1408 1653 1547 1683 amas
1583 1643 1637 1684 et
1671 1653 1804 1700 quae

292 1741 463 1771 amare
492 1724 618 1771 utile
648 1742 705 1771 ac
733 1724 934 1772 salubre
964 1732 1061 1780 est,
1090 1728 1248 1771 etiam
1276 1729 1315 1771 si
1343 1742 1445 1771 non
1472 1729 1573 1772 sint
1598 1728 1652 1772 in
1676 1742 1760 1772 me
1784 1725 1803 1772 ?

292 1814 474 1878 Neque
504 1813 599 1861 hoc
631 1815 725 1861 tibi
756 1821 961 1861 tantum
993 1814 1084 1861 sed
1116 1817 1272 1861 etiam
1303 1813 1426 1860 mihi
1456 1815 1682 1878 prodest.
1752 1814 1804 1862 Si

294 1907 430 1950 enim
461 1921 563 1950 non
595 1911 714 1950 sunt
745 1907 797 1950 in
827 1920 929 1960 me,
961 1903 1232 1951 salubriter
1264 1905 1525 1961 erubesco,
1557 1911 1714 1968 atque
1745 1911 1804 1952 ut

292 1997 411 2050 sint,
445 1994 725 2040 inardesco,
796 1994 872 2040 Ac
906 2010 998 2056 per
1031 1992 1144 2049 hoc,
1181 2009 1312 2056 quae
1349 2010 1567 2058 agnosco
1601 2010 1718 2040 mea
1750 1997 1804 2041 in

291 2082 444 2130 laude
479 2089 587 2138 tua,
622 2083 824 2147 gaudeo
859 2099 942 2129 me
977 2081 1169 2129 habere
1207 2089 1260 2129 et
1295 2083 1384 2129 abs
1419 2090 1473 2129 te
1508 2082 1593 2129 illa
1627 2099 1685 2130 ac
1718 2100 1802 2131 me

291 2176 458 2236 ipsum
489 2172 630 2236 diligi
658 2179 869 2235 propter
898 2171 982 2218 illa
1006 2187 1017 2228 3
1067 2188 1198 2235 quae
1230 2179 1405 2218 autem
1435 2189 1537 2219 non
1566 2189 1803 2237 agnosco,

291 2279 393 2308 non
418 2261 579 2308 solum
605 2268 663 2308 ut
688 2265 796 2324 ipse
822 2261 1059 2317 habeam,
1085 2262 1318 2308 desidero
1343 2265 1600 2325 consequi,
1626 2278 1802 2309 verum

293 2354 451 2398 etiam
492 2367 556 2397 ne
599 2367 802 2414 semper
844 2354 896 2397 in
941 2367 1057 2396 mea
1098 2350 1250 2397 laude
1292 2349 1535 2397 fallantur
1582 2354 1669 2415 qui
1716 2367 1801 2398 me

293 2443 557 2487 sinceriter
581 2440 816 2504 diligunt.

870 2553 888 2571 ‘²
922 2546 1033 2588 Phil.
1058 2549 1112 2588 iv.
1137 2550 1224 2588 8-9.

300 2608 396 2649 454
