1850 2964
743 134 835 183 ST.
872 133 1281 183 AUGUSTINE

255 271 572 334 incognitum
597 284 814 332 possem.
882 267 1063 331 Neque
1090 270 1226 314 enim
1251 270 1370 331 quia
1392 283 1477 314 me
1500 266 1767 314 infirmitas

258 355 477 415 corporis
507 358 561 398 et
587 354 851 415 geminum
878 348 1055 414 frigus,
1082 350 1136 397 id
1164 357 1243 397 est
1269 349 1450 396 hiemis
1480 356 1535 396 et
1563 352 1768 406 aetatis,

256 451 360 481 non
394 437 515 480 sinit
550 450 719 480 coram
754 440 929 479 tecum
964 432 1216 496 conloqui,
1251 433 1367 479 ideo
1402 449 1506 479 non
1539 439 1594 479 te
1630 432 1767 488 vidi;

256 534 376 563 nam
403 519 501 562 iste
528 514 653 561 mihi
683 518 840 562 etiam
867 531 1127 578 praesens,
1157 515 1361 578 quando
1390 515 1456 562 ad
1481 531 1565 561 me
1593 517 1767 561 venire

256 599 497 663 dignatus
545 605 640 653 est,
685 596 770 644 ille
817 604 993 644 autem
1029 596 1231 653 litteris,
1268 614 1371 643 non
1415 595 1600 643 faciem
1643 603 1767 643 tuae

259 683 422 727 carnis
457 680 549 727 sed
582 680 744 726 cordis
780 680 1026 735 ostendit,
1061 687 1119 726 ut
1153 686 1301 726 tanto
1337 682 1538 725 suavius
1573 685 1767 742 quanto

256 766 470 810 interius
511 769 565 809 te
606 762 849 809 viderem.
920 761 1068 808 Hanc
1107 760 1292 808 faciem
1332 769 1478 808 tuam
1519 764 1677 808 etiam
1715 763 1769 807 in

258 852 434 892 sancto
464 843 728 908 evangelio
759 851 812 890 et
839 861 929 890 nos
960 851 1013 891 et
1040 851 1099 890 tu
1126 847 1235 907 ipse
1263 847 1484 907 propitio
1512 844 1609 891 deo
1637 850 1768 890 tam-

258 944 412 991 quam
451 930 505 973 in
543 925 748 990 speculo
788 925 1094 973 laetissimus
1134 929 1356 989 inspicis,
1396 927 1483 973 ubi
1522 929 1768 990 scriptum

259 1017 337 1057 est
386 1027 415 1056 a
463 1012 682 1055 veritate
726 1009 967 1056 dicente:
1014 1007 1154 1055 Beati
1179 1008 1389 1073 pacifici,
1422 1007 1642 1073 quoniam
1664 1007 1768 1072 filii

256 1091 331 1139 dei
354 1090 652 1139 vocabuntur.

207 1182 232 1220 2
324 1174 507 1239 Magni
539 1174 748 1237 quidem
780 1180 899 1220 sunt
933 1180 986 1220 et
1017 1172 1213 1220 habent
1244 1173 1458 1238 gloriam
1490 1190 1635 1221 suam
1665 1190 1768 1221 non

256 1256 419 1304 solum
440 1255 700 1303 fortissimi
723 1256 814 1303 sed
838 1259 1012 1311 etiam,
1036 1256 1174 1319 quod
1195 1259 1401 1303 verioris
1424 1259 1565 1320 origo
1586 1255 1768 1312 laudis,

258 1339 535 1386 fidelissimi
558 1337 832 1385 bellatores
859 1345 913 1385 et
937 1355 1152 1402 quorum
1175 1337 1432 1386 laboribus
1457 1346 1614 1402 atque
1637 1341 1770 1402 peri-

257 1421 379 1469 eulis
410 1422 494 1468 dei
522 1424 843 1485 protegentis
875 1428 1032 1484 atque
1063 1420 1361 1484 opitulantis
1393 1420 1579 1468 auxilio
1608 1419 1768 1468 hostis

257 1505 535 1551 indomitus
585 1506 819 1559 vincitur,
871 1507 1013 1566 quies
1063 1507 1137 1550 rei
1185 1503 1420 1566 publicae
1468 1506 1768 1567 pacatisque

257 1589 524 1649 provinciis
557 1592 917 1648 comparatur3
968 1586 1059 1632 sed
1089 1589 1292 1633 maioris
1327 1593 1405 1633 est
1436 1586 1628 1650 gloriae
1658 1589 1770 1649 ipsa

259 1668 396 1716 bella
434 1668 589 1714 verbo
637 1668 867 1714 occidere
915 1685 1069 1731 quam
1116 1667 1346 1715 homines
1392 1667 1544 1724 ferro,
1582 1675 1636 1715 et
1683 1669 1770 1716 ad-

261 1754 462 1814 quirere
488 1749 568 1796 vel
594 1750 827 1796 obtinere
852 1767 1033 1813 pacem
1058 1767 1184 1813 pace
1211 1768 1312 1797 non
1337 1750 1485 1798 bello.
1556 1750 1688 1797 Nam
1715 1758 1769 1797 et

257 1831 309 1879 hi
333 1836 419 1896 qui
443 1839 696 1896 pugnant,
720 1835 759 1878 si
784 1833 905 1879 boni
927 1839 1064 1888 sunt,
1086 1832 1263 1896 procul
1292 1833 1446 1880 dubio
1468 1849 1649 1896 pacem
1677 1833 1769 1880 sed

259 1923 437 1962 tamen
456 1931 548 1978 per
570 1917 872 1978 sanguinem
895 1922 1150 1978 quaerunt
1173 1931 1185 1971 3
1224 1922 1283 1962 tu
1306 1922 1498 1972 autem,
1518 1931 1584 1962 ne
1605 1918 1768 1962 cuius-

259 2015 413 2061 quam
454 1999 660 2060 sanguis
703 2004 1054 2060 quaereretur,
1098 2014 1150 2044 es
1191 2001 1387 2044 missus.
1456 1998 1551 2044 Est
1589 2001 1767 2062 itaque

260 2079 367 2126 aliis
424 2078 511 2125 illa
567 2082 862 2135 necessitas,
920 2080 1015 2126 tibi
1071 2082 1171 2126 ista
1227 2078 1459 2127 felicitas.
1529 2079 1766 2136 Proinde,

257 2163 460 2210 domine
492 2164 677 2208 merito
708 2161 932 2208 inlustris
971 2168 1024 2208 et
1071 2162 1574 2226 magnificentissime
1607 2169 1764 2226 atque

256 2248 308 2290 in
341 2243 541 2291 Christo
574 2246 830 2290 carissime
863 2243 949 2299 fili,
982 2245 1151 2307 gaude
1183 2248 1281 2291 isto
1314 2251 1405 2291 tuo
1437 2251 1546 2291 tam
1576 2261 1766 2308 magno

257 2334 310 2374 et
333 2343 451 2373 vero
481 2327 615 2372 bono
640 2332 693 2372 et
718 2324 887 2372 fruere
910 2329 962 2371 in
988 2326 1103 2382 deo,
1127 2327 1262 2374 unde
1285 2329 1544 2390 sumpsisti
1570 2333 1627 2373 ut
1648 2325 1764 2374 talis

857 2499 875 2518 ‘²
908 2495 1042 2537 Matt.
1062 2509 1104 2536 v.
1125 2497 1166 2537 9.

263 2577 357 2618 444,
