1866 2964
734 186 825 233 ST.
863 184 1270 233 AUGUSTINE

201 327 227 365 5
317 319 455 379 Quid
500 318 726 382 pluribus
776 335 927 382 agam
970 317 1106 381 apud
1147 320 1478 364 sanctitatem
1516 324 1757 371 vestram,

254 398 458 462 quando
495 398 703 461 quidem
737 413 821 443 me
857 413 1127 443 onerosum
1162 399 1345 452 sentio,
1380 399 1604 442 maxime
1640 397 1761 458 quia

254 493 347 540 per
378 479 717 539 interpretem
743 475 886 522 audis
911 474 1108 521 litteras
1134 475 1307 521 meas?
1356 473 1407 521 Si
1433 473 1641 537 diligitis
1668 471 1762 519 Pe-

259 554 468 618 lagium,
489 553 669 618 diligat
697 571 782 600 vos
813 557 969 599 etiam
995 556 1122 616 ipse,
1149 556 1304 599 immo
1329 555 1491 616 magis
1517 569 1571 599 se
1596 555 1762 614 ipsum

257 640 311 679 et
347 649 450 679 non
474 649 560 679 vos
597 631 757 678 fallat.
829 631 958 678 Cum
996 634 1131 678 enim
1158 631 1343 678 auditis
1382 648 1500 677 eum
1535 629 1766 677 confiteri

255 713 476 774 gratiam
495 710 578 757 dei
598 717 652 756 et
671 710 981 757 adjutorium
1000 709 1100 765 dei,
1118 713 1314 772 putatis
1339 708 1435 756 hoc
1461 726 1574 756 eum
1598 709 1767 756 dicere

257 789 395 852 quod
443 796 497 835 et
532 805 636 844 VOS,
673 791 761 851 qui
802 787 1052 834 catholica
1085 787 1263 851 regula
1299 790 1493 850 sapitis,
1530 789 1771 850 quoniam

259 867 383 930 quid
415 870 467 913 in
500 866 628 913 libro
662 883 752 913 suo
787 869 1061 929 scripserit,
1095 869 1357 930 ignoratis.
1428 865 1644 928 Propter
1676 863 1772 910 hoc

259 948 426 1008 ipsum
453 944 639 991 librum
666 947 779 990 misi
809 951 862 991 et
889 961 1081 1000 meum,
1111 961 1211 1007 quo
1241 947 1287 990 ei
1314 944 1554 1007 respondi
1578 959 1589 999 ;
1635 942 1772 989 unde

261 1026 537 1086 perspiciat
584 1022 944 1069 venerabilitas
992 1029 1163 1068 vestra
1221 1039 1376 1086 quam
1428 1025 1649 1086 gratiam
1695 1019 1777 1067 vel

263 1101 572 1148 adiutorium
632 1101 715 1147 dei
780 1100 935 1156 dicat,
989 1100 1194 1163 quando
1246 1099 1317 1146 illi
1370 1101 1587 1147 obicitur
1640 1099 1778 1163 quod

264 1181 462 1242 gratiae
481 1179 563 1226 dei
582 1185 635 1226 et
653 1178 905 1225 adiutorio
923 1179 1255 1225 contradicat.
1327 1177 1545 1226 Proinde
1563 1177 1778 1225 ostende

264 1256 334 1303 illi
365 1257 595 1304 docendo
629 1263 682 1304 et
712 1255 966 1303 hortando
999 1264 1053 1303 et
1082 1273 1174 1320 pro
1208 1260 1314 1303 eius
1346 1256 1530 1313 salute,
1563 1272 1695 1320 quae
1725 1259 1780 1302 in

266 1334 467 1381 Christo
497 1351 607 1381 esse
635 1335 812 1391 debet,
841 1335 1050 1391 orando,
1079 1342 1137 1381 ut
1166 1352 1280 1381 eam
1308 1335 1391 1382 dei
1418 1338 1639 1399 gratiam
1666 1351 1782 1381 con-

269 1413 495 1469 fiteatur,
532 1430 686 1476 quam
720 1413 1004 1476 probantur
1039 1416 1202 1460 sancti
1237 1413 1321 1460 dei
1356 1412 1512 1460 fuisse
1547 1411 1781 1469 confessi,

268 1508 383 1537 cum
413 1508 441 1537 a
469 1492 674 1538 domino
704 1508 763 1538 ea
790 1494 884 1554 ipsi
912 1498 1173 1554 peterent,
1202 1508 1334 1554 quae
1360 1491 1455 1538 illis
1482 1492 1697 1538 iubebat
1723 1498 1782 1538 ut

271 1568 519 1626 facerent,
556 1572 797 1633 quoniam
831 1586 1001 1633 neque
1036 1570 1353 1626 iuberentur,
1388 1573 1483 1616 nisi
1519 1577 1576 1616 ut
1610 1576 1785 1616 nostra

273 1646 507 1694 voluntas
560 1648 937 1703 ostenderetur,
988 1664 1158 1711 neque
1209 1655 1530 1710 peterentur,
1581 1650 1677 1694 nisi
1727 1655 1785 1695 ut

273 1724 551 1772 voluntatis
575 1725 842 1772 infirmitas
869 1726 932 1772 ab
957 1725 1058 1782 1110,
1084 1729 1170 1789 qui
1194 1729 1428 1782 iusserat,
1452 1730 1728 1773 iuvaretur.

225 1810 250 1848 6
339 1804 537 1866 Aperte
579 1806 943 1868 interrogetur,
987 1811 1160 1850 utrum
1204 1807 1250 1850 ei
1291 1803 1496 1867 placeat
1537 1805 1786 1852 orandum

277 1897 387 1928 esse
423 1898 451 1928 a
485 1882 707 1938 domino,
741 1898 806 1928 ne
840 1898 1125 1945 peccemus.
1197 1882 1349 1941 Quod
1381 1886 1421 1929 si
1456 1886 1502 1930 ei
1535 1882 1788 1946 displicet,

277 1958 479 2023 legatur
516 1963 568 2006 in
607 1960 810 2007 auribus
851 1963 957 2006 eius
997 1960 1255 2023 apostolus
1303 1961 1512 2008 dicens:
1585 1960 1789 2009 Oramus

279 2044 429 2084 autem
454 2037 517 2084 ad
538 2037 690 2094 deum,
714 2054 770 2084 ne
793 2037 907 2103 quid
916 2037 1124 2104 faciatis
1148 2038 1261 2085 mali
1284 2055 1296 2094 3
1337 2042 1378 2086 si
1403 2046 1576 2086 autem
1601 2039 1789 2102 placet,

279 2123 457 2178 aperte
479 2116 743 2179 praedicet
764 2119 1002 2180 gratiam,
1025 2133 1125 2180 qua
1147 2120 1395 2173 iuvamur,
1417 2134 1482 2164 ne
1504 2121 1612 2181 ipse
1634 2116 1791 2165 faciat

279 2193 499 2240 multum
552 2193 687 2241 mali.
759 2194 870 2241 Hac
925 2197 1061 2241 enim
1114 2198 1281 2259 gratia
1335 2196 1418 2242 dei
1470 2212 1563 2258 per
1618 2195 1789 2242 Iesum

282 2271 539 2318 Christum
576 2272 837 2319 dominum
873 2280 1102 2319 nostrum
1138 2290 1313 2320 omnes
1348 2265 1647 2330 liberantur,
1683 2277 1791 2337 qui-

281 2366 500 2413 cumque
546 2350 846 2407 liberantur,
894 2354 1134 2414 quoniam
1181 2367 1331 2398 nemo
1376 2358 1584 2414 praeter
1627 2355 1790 2415 ipsam

282 2427 512 2490 quolibet
565 2427 661 2474 alio
712 2428 865 2475 modo
917 2428 1119 2475 liberari
1170 2436 1359 2492 potest.
1429 2429 1646 2492 Propter
1696 2428 1791 2476 hoc

343 2553 361 2571 ‘²
394 2548 476 2588 His
498 2561 596 2588 own
618 2548 844 2603 language
866 2562 956 2590 was
978 2548 1143 2592 Greek.
1359 2549 1374 2574 ‘³
1405 2552 1431 2590 2
1455 2549 1554 2591 Cor.
1577 2551 1666 2591 xiii.
1690 2553 1730 2591 7.

287 2618 340 2660 31
355 2618 382 2659 Ξ
