1866 2964
751 155 842 211 ST.
881 156 1289 205 AUGUSTINE

268 292 544 352 spiratione
591 292 887 346 miscentur,
934 293 987 336 in
1034 289 1311 337 violentam
1357 298 1776 355 prorumperetur

270 361 535 407 audaciam
574 365 836 408 occasione
875 362 1137 409 seditionis
1175 365 1403 418 inventa,
1442 379 1597 426 quam
1635 362 1777 410 velut

269 435 403 478 iusta
428 433 781 496 indignatione
807 437 1104 480 concitaret.
1165 432 1284 490 Sed,
1302 437 1434 480 'sicut
1457 441 1575 497 post
1600 435 1776 492 audire

270 506 546 565 potuimus,
572 503 698 550 nihil
723 504 827 551 tale
853 522 882 550 a
913 521 1171 568 quoquam
1201 505 1396 552 dictum
1422 513 1501 553 est
1532 505 1610 552 vel
1635 505 1778 552 moli-

271 583 400 632 tum,
427 576 517 623 sed
542 592 661 622 vere
685 579 737 622 in
770 575 983 623 fratrem
1007 593 1181 622 meum
1206 576 1451 641 Alypium
1474 576 1639 624 multa
1663 594 1779 624 con-

271 646 543 694 tumeliosa
577 655 629 694 et
662 648 873 712 indigna
905 647 1215 705 clamabant,
1242 665 1271 694 a
1304 666 1404 712 quo
1437 656 1546 696 tam
1579 651 1779 713 ingenti

271 727 420 766 reatu
453 723 652 766 utinam
681 737 773 783 per
801 720 932 767 illius
963 723 1217 767 orationes
1245 728 1543 767 mereantur
1571 719 1777 768 absolvi.

272 791 384 855 Ego
431 798 606 837 autem
651 799 768 854 post
809 795 997 855 primos
1041 808 1216 839 eorum
1258 791 1502 840 clamores
1543 809 1659 840 cum
1708 795 1779 839 eis

273 862 512 909 dixissem
547 863 611 909 de
645 862 729 909 illo
762 866 921 910 invito
954 881 1056 910 non
1086 863 1385 920 ordinando,
1408 881 1509 928 qua
1533 867 1635 911 iam
1667 881 1780 927 pro-

272 937 509 981 missione
527 935 803 990 detinerer,
824 942 981 998 atque
999 935 1296 982 adiecissem
1314 936 1468 1000 quod,
1488 939 1529 983 si
1546 953 1664 983 mea
1680 935 1779 983 fide

273 1006 460 1052 violata
492 1005 633 1053 illum
668 1005 922 1054 haberent
957 1007 1336 1071 presbyterum,
1368 1024 1452 1054 me
1487 1011 1780 1071 episcopum

274 1095 375 1124 non
394 1077 664 1133 haberent,
692 1078 757 1125 ad
781 1085 955 1125 nostra
981 1078 1218 1125 subsellia
1242 1078 1422 1126 relicta
1445 1079 1598 1126 turba
1616 1079 1781 1126 redie-

272 1166 397 1196 ram.
436 1149 566 1196 Tum
581 1149 651 1195 illi
663 1149 1036 1213 aliquantulum
1047 1153 1311 1213 inopinata
1320 1167 1438 1197 mea
1452 1154 1781 1214 responsione

274 1225 500 1268 cunctati
532 1229 688 1284 atque
715 1223 906 1269 turbati
940 1221 1081 1269 velut
1108 1221 1313 1269 flamma
1338 1230 1493 1270 vento
1518 1221 1781 1286 paululum

273 1309 463 1355 pressa,
502 1294 688 1341 deinde
727 1301 1009 1356 coeperunt
1044 1294 1207 1341 multo
1251 1295 1513 1342 ardentius
1551 1297 1781 1350 excitari,

275 1367 628 1411 existimantes
666 1365 773 1412 fieri
809 1382 975 1428 posse,
1012 1373 1070 1413 ut
1107 1365 1186 1413 vel
1227 1365 1350 1412 mihi
1388 1373 1782 1430 extorqueretur

273 1435 397 1483 illud
422 1454 523 1483 non
543 1454 744 1484 servare
768 1441 1071 1500 promissum
1098 1437 1177 1484 vel
1202 1455 1284 1484 me
1310 1445 1525 1485 tenente
1550 1440 1780 1500 promissi

278 1508 432 1554 fidem
470 1509 534 1555 ab
572 1508 670 1555 alio
708 1512 947 1572 episcopo
985 1510 1323 1556 ordinaretur.
1394 1509 1646 1556 Dicebam
1684 1525 1781 1574 ego

274 1581 456 1643 quibus
486 1588 738 1642 poteram,
768 1584 854 1644 qui
884 1582 948 1628 ad
977 1598 1066 1628 nos
1095 1584 1148 1627 in
1177 1581 1406 1628 absidem
1433 1580 1782 1627 honoratiores

275 1659 328 1698 et
347 1655 602 1715 graviores
624 1653 978 1708 ascenderant,
998 1670 1091 1699 nec
1112 1669 1141 1698 a
1160 1656 1391 1715 promissi
1410 1652 1510 1700 fide
1529 1668 1614 1698 me
1633 1669 1780 1715 posse

274 1724 519 1770 dimoveri
543 1741 637 1770 nec
661 1725 725 1771 ab
750 1724 847 1771 alio
873 1728 1109 1788 episcopo
1132 1728 1184 1770 in
1208 1724 1421 1772 ecclesia
1442 1724 1566 1771 mihi
1589 1724 1780 1772 tradita

273 1799 367 1841 nisi
403 1812 485 1842 me
521 1799 839 1859 interrogato
876 1814 933 1843 ac
968 1800 1307 1859 permittente
1342 1813 1490 1860 posse
1526 1796 1781 1852 ordinari3

274 1867 411 1930 quod
443 1871 482 1913 si
514 1871 889 1930 permitterem,
923 1886 951 1915 a
984 1868 1084 1915 fide
1117 1867 1272 1915 nihilo
1303 1872 1470 1915 minus
1502 1868 1777 1915 deviarem.

274 1939 545 1986 Addebam
589 1942 745 1985 etiam
785 1939 910 1986 nihil
952 1957 1036 1987 eos
1078 1939 1225 1996 velle,
1267 1944 1307 1987 si
1348 1940 1669 1987 ordinaretur
1707 1942 1781 1985 in-

273 2013 423 2066 vitus,
462 2014 557 2057 nisi
596 2018 654 2058 ut
693 2012 955 2058 ordinatus
996 2012 1312 2059 abscederet.
1383 2011 1462 2058 Illi
1499 2011 1594 2058 hoc
1631 2026 1779 2074 posse

344 2158 361 2175 ‘¹
391 2152 484 2192 The
505 2166 610 2204 apse
631 2166 721 2193 was
741 2153 816 2193 the
836 2166 993 2201 recess,
1015 2153 1194 2206 usually
1213 2153 1547 2201 semi-circular‚
1569 2154 1613 2193 in
1633 2152 1777 2193 which

282 2207 357 2247 the
377 2212 551 2247 eastern
571 2207 658 2248 end
683 2208 734 2247 of
758 2209 832 2248 the
861 2207 1028 2248 church
1059 2207 1340 2249 terminated.
1405 2207 1447 2248 It
1465 2220 1556 2248 was
1577 2206 1778 2248 reserved

282 2266 328 2302 to
348 2261 422 2302 the
442 2262 608 2314 clergy,
630 2262 731 2303 who
760 2262 850 2303 had
879 2263 993 2303 their
1022 2266 1138 2303 scats
1159 2276 1208 2303 or
1228 2262 1350 2304 stalls
1373 2262 1618 2314 (subsellia)
1640 2261 1777 2308 there,

283 2316 421 2356 hence
443 2319 474 2356 it
495 2330 584 2357 was
605 2319 858 2357 sometimes
879 2316 1045 2357 known
1070 2330 1118 2357 as
1140 2318 1474 2370 presbyterium,
1495 2316 1639 2364 while,
1659 2317 1775 2356 from

285 2372 339 2411 its
364 2370 516 2423 shape.
543 2373 576 2411 it
606 2371 699 2412 also
726 2371 923 2412 received
955 2372 1028 2412 the
1059 2385 1190 2412 name
1219 2372 1377 2412 concha
1399 2371 1543 2422 (Paul.
1567 2370 1670 2412 Nol.
1691 2369 1777 2422 Ep.

282 2427 412 2466 xxxii.
454 2428 546 2475 12);
589 2425 663 2466 the
702 2426 901 2478 bishop's
940 2430 1035 2466 seat
1071 2439 1163 2467 was
1201 2425 1380 2478 usually
1417 2425 1630 2478 provided
1670 2424 1777 2465 with

281 2482 493 2527 curtainS,
513 2493 563 2519 so
585 2482 617 2520 it
636 2494 726 2521 was
747 2480 888 2522 called
910 2481 1117 2521 cathedra
1138 2481 1283 2521 velata
1305 2480 1444 2533 (Aug.
1465 2480 1552 2532 Ep.
1574 2481 1694 2521 xxiii.
1715 2481 1776 2531 3).

281 2534 387 2575 This
418 2538 593 2586 portion
625 2536 675 2575 of
699 2535 773 2576 the
802 2534 970 2576 church
1004 2548 1094 2575 was
1124 2534 1269 2576 raised
1299 2535 1441 2576 above
1470 2535 1544 2575 the
1575 2547 1688 2575 nave
1716 2533 1778 2586 by

282 2606 378 2647 224
