1866 2964
757 183 848 231 ST.
886 181 1294 231 AUGUSTINE

271 325 551 381 antequam
582 319 843 379 episcopos
878 318 964 379 qui
996 313 1215 378 profecti
1240 320 1378 369 sunt,
1404 313 1596 368 videas,
1623 328 1778 375 quam

269 400 489 459 primum
520 403 611 442 tua
642 397 1084 457 praestantissima
1113 409 1205 456 pro
1237 391 1425 439 Christi
1454 391 1697 438 membris
1726 392 1779 436 in

268 474 600 521 tribulatione
638 476 864 519 maxima
901 475 1193 518 constitutis
1232 470 1496 534 vigilantia
1533 471 1780 532 potuerit,

268 552 656 599 accelerandum
678 567 914 615 suggerO,
937 557 1079 613 peto,
1100 550 1328 604 obsecro,
1347 548 1541 612 flagito.
1597 547 1780 610 Neque

270 634 406 677 enim
435 647 648 693 parvum
677 632 730 675 in
758 628 834 675 his
864 628 1010 675 malis
1039 627 1277 674 solatium
1310 627 1544 674 dominus
1574 625 1780 681 obtulit,

270 709 407 772 quod
440 716 494 755 te
529 708 687 754 voluit
722 706 884 753 multo
920 705 1135 769 amplius
1176 722 1325 768 posse
1367 722 1522 768 quam
1554 711 1779 767 poteras,

269 787 474 851 quando
502 789 604 832 iam
633 786 697 832 de
726 788 828 832 tuis
856 784 1030 831 multis
1060 791 1115 831 et
1141 787 1340 848 magnis
1367 785 1513 830 bonis
1542 783 1780 846 operibus

269 866 639 929 gaudebamus.

220 952 246 989 4
336 943 564 990 Multum
591 959 713 989 sane
741 942 805 989 de
833 941 1153 1005 quorundam
1178 957 1348 1004 neque
1374 957 1652 1003 paucorum
1679 939 1779 986 fide

269 1022 413 1068 firma
445 1029 499 1068 et
530 1020 700 1068 stabili
730 1019 1067 1084 gratulamur,
1098 1022 1185 1083 qui
1217 1036 1281 1065 ex
1312 1022 1575 1066 occasione
1605 1018 1780 1082 legum

268 1104 493 1163 ipsarum
534 1100 599 1146 ad
638 1098 979 1145 Christianam
1018 1097 1319 1162 religionem
1357 1096 1439 1144 vel
1476 1096 1780 1144 catholicam

269 1195 448 1242 pacem
504 1180 732 1224 conversi
779 1184 916 1233 sunt,
968 1193 1059 1239 pro
1109 1193 1326 1240 quorum
1377 1175 1543 1222 salute
1595 1178 1779 1238 sempi-

268 1264 417 1303 terna
443 1273 532 1302 nos
566 1259 618 1301 in
641 1254 736 1301 hac
759 1254 1031 1317 temporali
1055 1257 1213 1301 etiam
1235 1253 1511 1317 periclitari
1535 1253 1777 1302 delectat.

271 1334 551 1397 Propterea
569 1337 704 1380 enim
720 1336 943 1379 maxime
962 1334 1026 1379 ab
1041 1332 1330 1379 hominibus
1345 1336 1558 1379 nimium
1575 1333 1781 1380 durum-

269 1429 369 1476 que
402 1415 651 1475 perversis
685 1428 818 1458 nunc
853 1414 1233 1457 inimicitiarum
1265 1415 1521 1475 graviores
1556 1414 1780 1474 impetus

268 1494 596 1546 sustinemus,
622 1507 747 1553 quos
772 1489 1001 1536 nonnulli
1027 1506 1203 1536 eorum
1226 1491 1490 1536 nobiscum
1513 1493 1782 1552 patientis-

269 1573 395 1616 sime
423 1572 679 1616 sustinent
703 1583 714 1624 ;
758 1568 850 1615 sed
874 1567 1149 1630 plurimum
1174 1568 1461 1615 infirmitati
1486 1571 1782 1624 metuimus,

271 1648 433 1695 donec
463 1648 662 1694 discant
692 1653 745 1693 et
774 1645 982 1693 valeant
1011 1647 1288 1693 adjuvante
1316 1647 1783 1694 misericordissima

267 1730 435 1790 gratia
467 1726 659 1772 domini
691 1724 951 1771 saeculum
983 1741 1226 1788 praesens
1261 1732 1314 1771 et
1347 1724 1611 1772 hominum
1644 1726 1780 1773 diem

268 1805 449 1851 robore
510 1804 673 1850 cordis
734 1803 1016 1849 valentiore
1076 1810 1425 1851 contemnere.
1495 1804 1784 1852 Commoni-

271 1886 459 1929 torium
502 1883 640 1945 quod
685 1885 816 1937 misi,
854 1880 1097 1928 fratribus
1140 1885 1406 1945 episcopis,
1444 1886 1503 1938 si,
1541 1890 1600 1930 ut
1636 1890 1783 1946 puto,

271 1962 498 2008 nondum
536 1962 606 2006 ibi
645 1967 782 2015 sunt,
823 1961 887 2006 ab
927 1963 1229 2006 eximietate
1267 1967 1359 2007 tua
1395 1960 1491 2008 illis
1529 1962 1784 2018 tradatur,

271 2057 386 2086 cum
416 2042 667 2085 venerint.
736 2038 956 2084 Tantam
987 2042 1177 2102 quippe
1208 2042 1285 2085 tui
1314 2042 1636 2086 sincerissimi
1665 2057 1783 2104 pec-

271 2121 394 2164 toris
434 2117 684 2163 habemus
726 2117 982 2172 fiduciam,
1023 2124 1081 2163 ut
1122 2117 1398 2164 adiuvante
1439 2118 1644 2165 domino
1685 2119 1783 2166 deo

271 2204 444 2243 nostro
487 2213 589 2242 non
632 2194 794 2242 solum
837 2198 1213 2258 impertitorem
1257 2195 1430 2242 auxilii
1471 2203 1526 2243 te
1569 2196 1783 2244 velimus

271 2292 447 2321 verum
471 2277 629 2321 etiam
652 2273 845 2320 consilii
867 2276 1188 2337 participem.

335 2400 354 2417 ‘²
386 2393 629 2433 Hominum
646 2394 738 2434 (lies
755 2393 1021 2444 apparently
1038 2406 1191 2433 occurs
1208 2393 1314 2445 only
1331 2394 1432 2434 here
1451 2396 1492 2436 in
1512 2395 1779 2448 Augustine,

279 2448 360 2488 but
398 2461 607 2499 compare
646 2447 730 2499 Ep.
770 2447 854 2488 cxl.
889 2450 936 2487 12
977 2447 1243 2487 “humanus
1282 2447 1375 2488 dies
1413 2452 1457 2489 et
1494 2451 1610 2489 vitae
1650 2450 1781 2491 huius

278 2502 505 2554 prolixitas
525 2502 899 2553 concupiscitur‚''
922 2501 1011 2541 and
1039 2501 1223 2549 Seneca,
1246 2502 1331 2554 Ep.
1352 2502 1515 2544 lxxxiii.
1537 2506 1563 2543 2
1591 2504 1617 2520 ‘⁶
1633 2504 1782 2545 obser-

277 2557 393 2597 vabo
424 2570 493 2596 me
525 2588 534 2597 .
569 2588 577 2596 .
612 2587 621 2597 .
653 2561 696 2596 et
727 2587 736 2597 .
770 2587 779 2597 .
814 2587 823 2597 .
856 2556 974 2596 diem
1005 2570 1154 2597 meum
1180 2570 1509 2609 recognoscam.
1571 2557 1671 2599 Hoc
1701 2572 1782 2600 nos

287 2621 378 2671 176
