1866 2964
751 157 843 207 ST.
881 157 1290 207 AUGUSTINE

259 299 465 357 oportet
495 292 561 340 ad
589 292 824 339 visendos
860 309 965 348 vos,
1003 294 1244 355 quoniam
1281 291 1523 354 quicquid
1550 293 1604 337 in
1633 290 1774 338 vobis

257 361 513 409 laudabile
542 360 738 408 factum
769 367 864 416 est,
893 377 995 407 non
1025 377 1054 406 a
1081 360 1226 406 nobis
1255 359 1346 406 sed
1375 360 1439 406 ab
1466 358 1551 406 illo
1579 358 1774 406 factum

259 437 355 486 est,
391 429 472 494 qui
496 428 629 494 facit
676 427 911 475 mirabilia
947 427 1089 475 solus.
1162 427 1333 474 Multo
1376 430 1513 474 enim
1561 427 1773 474 alacrius

257 498 504 545 debemus
536 513 798 544 accurrere
829 497 894 543 ad
922 496 1204 559 spectanda
1234 512 1389 558 opera
1418 495 1588 543 divina
1617 511 1773 558 quam

255 573 446 621 nostra,
480 569 599 629 quia
633 573 686 612 et
718 581 825 621 nos,
859 568 899 611 si
932 564 1056 628 quid
1087 565 1207 610 boni
1240 580 1431 619 sumus,
1464 580 1590 625 opus
1621 562 1772 619 illius,

254 651 356 680 non
391 633 655 680 hominum
685 648 894 688 sumus3
935 632 1071 679 unde
1103 631 1361 694 apostolus
1399 631 1564 678 dixit:
1605 630 1774 695 Neque

256 701 339 766 qui
371 702 560 765 plantat
607 708 675 748 est
715 700 913 765 aliquid,
954 716 1101 765 neque
1148 699 1228 764 qui
1274 699 1416 763 rigat,
1457 698 1539 746 sed
1579 698 1660 763 qui
1700 698 1771 745 in-

253 776 527 817 crementum
552 768 633 815 dat
655 768 784 816 deus.

203 845 229 884 2
318 838 635 884 Xenocrates
666 836 1014 892 Polemonem,
1044 843 1102 882 ut
1131 836 1347 882 scribitis
1379 842 1432 882 et
1459 852 1550 882 nos
1582 851 1645 882 ex
1673 834 1769 881 illis

252 906 436 952 litteris
484 906 827 960 recordamur,
871 905 936 952 de
978 903 1126 968 fruge
1169 907 1549 966 temperantiae
1597 903 1768 966 dispu-

253 975 412 1021 tando
454 991 556 1021 non
594 973 757 1020 solum
797 974 1052 1019 ebriosum
1094 989 1271 1019 verum
1315 979 1367 1018 et
1409 979 1532 1018 tunc
1570 972 1767 1018 ebrium

253 1043 318 1089 ad
348 1059 513 1089 mores
547 1041 667 1088 alios
698 1049 915 1104 repente
947 1044 1215 1087 convertit.
1286 1039 1614 1103 Quamquam
1646 1056 1767 1103 ergo

252 1110 354 1167 ille,
397 1114 528 1157 sicut
569 1110 852 1172 prudenter
895 1116 949 1156 et
990 1112 1240 1155 veraciter
1280 1107 1623 1165 intellexistis,
1665 1124 1768 1154 non

253 1179 350 1225 deo
372 1177 528 1225 fuerit
550 1179 833 1241 adquisitus
856 1178 947 1224 sed
968 1184 1173 1223 tantum
1197 1193 1225 1222 a
1248 1176 1513 1223 dominatu
1535 1175 1766 1222 luxuriae

251 1246 515 1302 liberatus,
551 1254 729 1292 tamen
763 1263 827 1292 ne
870 1246 923 1292 id
963 1249 1130 1307 ipsum
1167 1245 1376 1308 quidem
1414 1245 1551 1308 quod
1585 1244 1766 1291 melius

251 1318 304 1360 in
330 1332 389 1361 eo
415 1313 609 1361 factum
636 1322 732 1369 est,
757 1313 980 1360 humano
1006 1315 1147 1376 operi
1171 1313 1439 1359 tribuerim
1463 1313 1555 1359 sed
1580 1313 1765 1359 divino.

253 1383 417 1445 Ipsius
449 1399 672 1446 namque
705 1385 942 1444 corporis,
976 1381 1113 1444 quod
1146 1388 1224 1427 est
1255 1381 1487 1427 infimum
1517 1388 1767 1437 nostrum,

252 1455 291 1497 si
325 1468 426 1514 qua
458 1452 592 1497 bona
626 1458 745 1497 sunt
778 1454 908 1496 sieut
941 1449 1103 1496 forma
1138 1456 1191 1495 et
1223 1452 1353 1496 Vires
1388 1456 1441 1496 et
1473 1448 1606 1495 salus
1641 1456 1695 1495 et
1727 1452 1768 1495 si

252 1520 375 1582 quid
405 1522 510 1566 eius
539 1519 677 1565 modi
707 1525 803 1574 est,
832 1535 935 1564 non
962 1525 1082 1564 sunt
1109 1520 1204 1563 nisi
1233 1534 1297 1563 ex
1326 1517 1423 1564 deo
1451 1524 1681 1564 creatore
1711 1533 1769 1563 ac

251 1586 538 1649 perfectore
559 1594 775 1633 naturae
801 1602 811 1642 3
851 1593 1044 1649 quanto
1065 1588 1227 1648 magis
1249 1589 1404 1631 animi
1423 1586 1557 1632 bona
1578 1586 1768 1632 donare

251 1655 415 1701 nullus
460 1654 586 1701 alius
629 1654 836 1717 potest!
908 1653 1045 1712 Quid
1088 1656 1223 1700 enim
1265 1654 1532 1716 superbius
1574 1653 1655 1700 vel
1695 1656 1770 1699 in-

248 1727 443 1787 gratius
466 1726 691 1786 cogitare
713 1729 887 1785 potest
908 1721 1132 1768 humana
1153 1722 1405 1778 vecordia,
1427 1725 1467 1768 si
1488 1725 1767 1785 putaverit,

249 1808 364 1837 cum
407 1808 557 1837 carne
600 1790 867 1853 pulchrum
910 1790 1036 1836 deus
1078 1788 1235 1836 faciat
1276 1789 1555 1846 hominem,
1598 1793 1767 1836 animo

248 1867 447 1906 castum
485 1859 549 1905 ab
585 1858 790 1905 homine
829 1858 978 1904 fieri?
1049 1858 1160 1904 Hoc
1194 1860 1248 1903 in
1282 1857 1410 1904 libro
1448 1857 1766 1905 Christianae

248 1930 532 1990 sapientiae
587 1930 656 1973 sic
709 1929 954 1988 scriptum
1005 1933 1118 1972 est:
1183 1924 1298 1972 Cum
1345 1925 1526 1982 scirem,
1581 1929 1767 1989 inquit,

248 1995 361 2059 quia
400 2012 531 2041 nemo
571 2011 670 2041 esse
703 2000 856 2058 potest
894 1993 1147 2049 continens,
1187 1992 1279 2040 nisi
1319 1993 1432 2041 deus
1471 1993 1561 2050 det,
1601 2001 1643 2040 et
1682 1994 1768 2041 boc

307 2115 326 2133 ⁰
360 2110 430 2150 Ps.
453 2109 555 2151 lxxi.
583 2112 648 2149 18.
1194 2109 1208 2132 b
1246 2113 1262 2149 1
1289 2109 1390 2150 Cor.
1413 2111 1472 2150 iii.
1496 2113 1536 2151 7.

311 2170 325 2189 ⁶
359 2164 539 2204 Polemo
570 2177 660 2204 was
692 2177 718 2203 a
748 2163 984 2216 profligate
1015 2163 1242 2204 Athenian
1277 2164 1434 2216 youth,
1465 2164 1566 2205 who
1600 2164 1706 2206 with
1739 2177 1766 2204 a

248 2218 369 2259 band
391 2220 441 2259 of
460 2217 662 2259 revellers
687 2218 814 2259 burst
834 2232 918 2258 one
938 2218 1028 2269 day
1049 2219 1142 2258 into
1162 2218 1237 2258 the
1257 2218 1408 2259 school
1428 2219 1479 2259 of
1493 2219 1767 2260 Xenocrates

249 2273 323 2314 the
343 2272 644 2325 philosopher,
665 2272 754 2313 and
776 2286 866 2313 was
891 2286 939 2313 so
964 2272 1159 2313 arrested
1182 2272 1244 2324 by
1265 2273 1339 2314 the
1360 2272 1600 2322 discourse‚
1622 2273 1767 2314 which

249 2327 486 2379 happened
511 2331 556 2368 to
582 2327 637 2367 be
663 2327 801 2367 about
827 2331 1123 2379 temperance‚
1150 2327 1248 2367 that
1273 2327 1328 2368 he
1353 2332 1446 2368 tore
1471 2327 1538 2368 off
1561 2328 1637 2369 the
1665 2341 1767 2381 gar-

249 2381 377 2422 lands
395 2382 501 2422 with
519 2381 663 2421 which
686 2381 740 2422 he
761 2394 850 2422 was
869 2380 1098 2422 bedecked
1120 2381 1210 2421 and
1232 2381 1457 2422 remained
1476 2396 1534 2422 an
1552 2384 1766 2423 attentive

248 2436 439 2477 listener.
499 2435 734 2488 Adopting
756 2449 814 2476 an
842 2435 1114 2476 abstemious
1136 2435 1225 2484 life,
1249 2436 1305 2477 he
1326 2436 1510 2477 became
1531 2450 1560 2477 a
1580 2436 1765 2489 disciple

244 2492 296 2531 of
328 2491 600 2531 Xenocrates
639 2490 727 2530 and
767 2489 1009 2531 succeeded
1050 2490 1141 2530 him
1175 2503 1224 2531 as
1264 2490 1378 2531 head
1417 2491 1468 2532 of
1500 2491 1575 2532 the
1612 2490 1763 2532 school

248 2548 292 2586 in
322 2549 405 2586 315
437 2559 517 2586 13.c.
585 2544 679 2586 The
707 2549 830 2597 story
859 2558 949 2585 was
978 2545 1101 2586 often
1130 2544 1223 2586 told
1254 2545 1315 2597 by
1341 2545 1416 2586 the
1445 2547 1644 2587 ancients
1673 2546 1764 2599 (see

251 2610 347 2657 260
