1866 2964
784 182 875 229 ST.
914 181 1322 229 AUGUSTINE

821 336 914 382 No.
943 342 972 383 ’7
997 336 1112 399 (Ep.
1139 336 1286 400 XXI)

299 443 559 485 DOMINO
608 444 990 485 BEATISSIMO
1041 445 1117 485 ET
1165 445 1558 485 VENERABILI
1611 444 1688 485 ET
1738 443 1801 485 IN

415 508 781 550 CONSPECTU
848 509 1088 550 DOMINI
1157 509 1430 551 SINCERA
1497 509 1808 550 C-ARITATE

413 573 759 614 CARISSIMO
864 574 1049 614 PATRI
1137 573 1420 615 VALERIO
1507 572 1807 614 EPISCOPO

414 637 825 679 AUGUSTINUS
921 637 1286 679 PRESBYTER
1380 638 1448 678 IN
1548 636 1808 679 DOMINO

417 702 718 743 SALUTEM

253 806 271 843 1
364 799 502 844 Ante
543 802 711 845 onmia
750 806 892 861 peto,
931 806 990 846 ut
1028 803 1224 863 cogitet
1261 799 1498 864 religiosa
1534 800 1810 862 prudentia

297 873 388 912 tua
425 866 548 912 nihil
585 883 695 913 esse
732 870 785 913 in
820 867 915 913 hac
951 871 1057 914 vita
1094 875 1148 914 et
1183 871 1407 914 maxime
1443 867 1538 914 hoc
1574 874 1808 930 tempore

296 932 491 980 facilius
533 942 587 981 et
627 935 812 981 laetius
854 943 908 982 et
954 935 1243 982 hominibus
1292 935 1654 999 acceptabilius
1703 938 1808 998 epi-

296 1006 433 1064 scopi
453 1009 543 1049 aut
566 1004 856 1066 presbyteri
877 1010 966 1050 aut
985 1004 1183 1050 diaconi
1203 1004 1381 1060 officio,
1401 1007 1441 1050 si
1459 1002 1805 1067 perfunctorie

295 1077 453 1133 atque
495 1070 778 1117 adulatorie
817 1088 897 1117 res
940 1079 1140 1135 agatur,
1180 1073 1272 1119 sed
1310 1071 1435 1118 nihil
1474 1073 1612 1135 apud
1651 1072 1806 1119 deum

296 1142 528 1185 miserius
551 1146 605 1185 et
625 1143 820 1185 tristius
844 1147 897 1186 et
918 1139 1255 1186 damnabilius
1280 1155 1291 1196 ;
1328 1143 1455 1186 item
1477 1139 1600 1186 nihil
1622 1156 1732 1186 esse
1753 1143 1806 1185 in

296 1204 390 1252 hac
426 1210 529 1252 vita
563 1214 616 1253 et
647 1211 870 1253 maxime
903 1206 998 1254 hoc
1030 1215 1263 1270 tempore
1297 1207 1562 1264 difficilius,
1592 1207 1807 1254 laborio-

295 1277 414 1329 sius,
442 1274 770 1336 periculosius
801 1278 1024 1338 episcopi
1053 1283 1143 1322 aut
1170 1277 1460 1339 presbyteri
1489 1282 1579 1322 aut
1607 1276 1806 1322 diaconi

293 1342 471 1398 officio,
491 1343 581 1389 sed
601 1344 738 1405 apud
756 1344 910 1390 deum
929 1343 1054 1389 nihil
1071 1345 1291 1399 beatius,
1310 1347 1350 1390 si
1371 1360 1431 1390 eo
1449 1344 1601 1390 modo
1619 1343 1806 1390 milite-

294 1417 395 1465 tur,
417 1427 516 1473 quo
542 1418 716 1457 noster
739 1414 1019 1474 imperator
1042 1413 1202 1458 iubet.
1265 1411 1390 1470 Quis
1417 1419 1592 1458 autem
1615 1415 1713 1458 iste
1740 1414 1806 1457 sit

294 1479 493 1534 modus,
515 1495 610 1525 nec
633 1496 662 1524 a
682 1483 903 1542 pueritia
925 1496 1019 1526 nec
1042 1481 1105 1526 ab
1128 1479 1477 1526 adulescentia
1496 1496 1613 1526 mea
1635 1480 1803 1526 didici.

295 1546 364 1592 Et
392 1563 451 1592 eo
479 1554 731 1609 tempore,
758 1564 858 1610 quo
885 1548 1079 1594 discere
1105 1564 1393 1610 coeperam,
1420 1551 1491 1594 vis
1516 1546 1640 1593 mihi
1665 1545 1805 1593 facta

297 1621 376 1659 est
423 1618 608 1661 merito
656 1622 984 1677 peccatorum
1030 1632 1448 1662 meorum—nam
1496 1616 1620 1678 quid
1668 1614 1805 1662 aliud

296 1685 586 1728 existimem
620 1687 934 1739 nescio,—ut
972 1684 1223 1730 secundus
1257 1683 1395 1730 locus
1436 1683 1804 1748 gubernaculo-

292 1767 405 1796 rum
424 1749 548 1795 mihi
567 1751 878 1807 traderetur,
898 1755 985 1814 qui
1005 1769 1203 1798 remum
1223 1759 1403 1798 tenere
1423 1769 1523 1798 non
1543 1768 1800 1798 noveram.

245 1826 269 1864 2
354 1817 456 1864 Sed
500 1819 716 1865 arbitror
761 1819 1023 1865 dominum
1066 1836 1239 1866 meum
1286 1826 1563 1883 propterea
1604 1836 1688 1865 me
1733 1822 1803 1865 sic

294 1886 569 1932 emendare
611 1886 845 1943 voluisse,
883 1888 1021 1950 quod
1057 1887 1334 1934 multorum
1372 1894 1586 1950 peccata
1623 1894 1805 1933 nauta—

294 1970 425 2009 rum,
469 1962 749 2017 antequam
794 1963 1037 2017 expertus
1081 1973 1264 2011 essem,
1308 1956 1431 2019 quid
1472 1950 1587 2002 illic'
1616 1958 1803 2018 agitur,

295 2025 440 2083 quasi
496 2022 692 2069 doctior
750 2030 804 2069 et
861 2023 1039 2069 melior
1094 2022 1472 2086 reprehendere
1530 2023 1800 2070 audebam.

294 2089 480 2152 Itaque
525 2098 864 2153 posteaquam
910 2095 1090 2137 missus
1137 2109 1248 2138 sum
1294 2095 1346 2137 in
1390 2091 1637 2148 medium,
1680 2098 1804 2137 tunc

360 2234 378 2252 ‘²
407 2228 610 2269 Valerius
633 2244 720 2270 was
742 2230 900 2282 bishop
925 2231 974 2271 of
998 2231 1151 2282 Hippo
1172 2231 1299 2271 when
1321 2231 1572 2283 Augustine
1594 2228 1800 2270 returned

300 2287 345 2322 to
376 2284 530 2323 Africa
562 2286 605 2323 in
635 2288 733 2325 388.
800 2285 866 2337 By
900 2286 1015 2325 birth
1047 2300 1073 2325 a
1103 2285 1268 2333 Greek,
1301 2285 1354 2325 he
1385 2284 1474 2325 had
1508 2284 1724 2336 difficulty
1758 2287 1801 2324 in

297 2338 540 2389 preaching
571 2340 614 2377 in
647 2338 795 2380 Latin.
859 2339 1000 2380 When
1034 2342 1285 2392 Augustine
1316 2353 1406 2379 was
1435 2341 1616 2391 visiting
1648 2339 1800 2391 Hippo

303 2394 344 2431 in
367 2395 463 2439 391,
487 2393 540 2431 be
561 2406 650 2433 was
670 2393 858 2445 forcibly
880 2393 1093 2434 ordained
1123 2399 1168 2434 to
1195 2397 1324 2435 assist
1354 2393 1572 2440 Valerius,
1593 2392 1683 2433 and
1713 2393 1800 2433 this

305 2446 428 2486 letter
453 2460 541 2486 was
566 2450 738 2488 written
769 2462 877 2488 soon
907 2450 1021 2488 after
1049 2449 1123 2489 the
1153 2448 1420 2494 ordination,
1444 2448 1662 2499 probably
1682 2448 1798 2488 from

301 2501 507 2552 'sagas-te,
558 2502 742 2541 wliitber
786 2504 1037 2553 Augustine
1085 2503 1173 2543 had
1224 2517 1280 2543 no
1319 2502 1459 2542 doubt
1505 2502 1710 2542 returned
1753 2506 1800 2542 to

300 2558 530 2595 terminate
572 2556 637 2595 bis
672 2557 822 2596 affairs
858 2558 994 2598 there.
1071 2559 1321 2610 Augustine
1357 2557 1523 2609 always
1557 2556 1720 2609 speaks
1754 2557 1804 2597 of

305 2626 364 2665 ‘32
