1850 2964
750 203 842 251 ST.
880 201 1288 250 AUGUSTINE

265 339 535 402 superbiae
577 353 699 384 suae
741 343 878 382 toros
919 338 1096 381 inanes
1137 341 1351 397 peccata
1392 351 1483 380 sua
1523 333 1772 380 confitens

265 413 666 477 complanaverit
733 428 892 475 seque
961 412 1298 457 substraverit
1363 413 1545 456 mitem
1613 416 1771 472 atque

264 490 510 538 humilem
536 490 601 536 ad
625 488 985 551 excipiendum
1009 487 1272 549 doctorem
1297 486 1451 533 deum
1474 486 1492 531 ?

216 575 240 614 6
330 567 585 626 Quoniam
641 581 763 629 ergo
820 581 849 610 a
902 566 1134 609 vanitate
1189 563 1459 625 superbiae
1513 564 1652 625 prius
1708 561 1774 609 ad
1849 606 1850 619 2

264 642 611 689 humilitatem
658 640 949 703 deponendi
996 656 1187 694 sumus,
1234 646 1292 685 ut
1337 638 1457 685 inde
1504 645 1774 702 surgentes

264 719 477 766 solidam
500 717 857 765 celsitudinem
881 723 1169 771 teneamus,
1193 732 1296 761 non
1318 717 1489 777 potuit
1512 715 1656 761 nobis
1679 713 1775 761 hoc

264 800 412 842 tanto
454 792 866 857 magnificentius
910 798 1104 854 quanto
1146 790 1381 837 blandius
1423 792 1674 853 inspirari,
1715 797 1776 836 ut

264 877 438 918 nostra
480 868 718 916 ferocitas
761 884 865 914 non
904 870 953 913 vi
993 867 1085 914 sed
1123 869 1451 929 persuasione
1491 866 1776 922 sedaretur,

263 950 359 993 nisi
392 947 605 992 verbum
637 944 780 999 illud,
812 960 905 1006 per
939 943 1076 1006 quod
1109 959 1162 989 se
1197 941 1390 1006 angelis
1422 942 1616 988 indicat
1648 942 1774 989 deus

263 1028 430 1085 pater,
462 1020 600 1084 quod
628 1023 788 1066 virtus
820 1025 874 1065 et
904 1020 1157 1081 sapientia.
1187 1020 1294 1063 eius
1329 1024 1425 1072 est,
1454 1017 1592 1080 quod
1623 1017 1774 1064 corde

262 1097 486 1144 humano
525 1094 797 1142 visibilium
834 1111 1006 1140 rerum
1045 1093 1329 1156 cupiditate
1369 1100 1577 1139 caecato
1615 1093 1776 1140 videri

263 1190 366 1220 non
392 1179 617 1236 poterat,
646 1187 918 1234 personam
947 1186 1091 1216 suam
1119 1172 1172 1214 in
1199 1167 1404 1215 homine
1434 1185 1588 1232 agere
1617 1175 1775 1232 atque

264 1248 537 1296 ostendere
566 1247 883 1310 dignaretur,
911 1252 969 1292 ut
995 1248 1158 1308 magis
1184 1243 1337 1290 homo
1363 1247 1573 1291 timeret
1601 1244 1778 1291 extolli

263 1324 402 1371 fastu
431 1323 648 1370 hominis
682 1339 837 1385 quam
866 1320 1121 1367 humiliari
1153 1319 1389 1383 exemplo
1420 1320 1518 1367 dei.
1589 1319 1774 1384 Itaque

263 1418 366 1447 non
403 1399 632 1446 Christus
668 1415 828 1462 regno
861 1404 1067 1444 terreno
1101 1397 1387 1452 decoratus,
1413 1413 1508 1442 nec
1545 1395 1774 1444 Christus

263 1479 480 1524 terrenis
537 1476 716 1538 opibus
766 1474 923 1529 dives,
972 1489 1067 1519 nec
1124 1471 1355 1519 Christus
1412 1471 1514 1518 ulla
1567 1479 1775 1519 terrena

263 1551 513 1598 felicitate
555 1548 901 1613 praefulgens,
942 1549 1035 1595 sed
1085 1547 1315 1594 Christus
1366 1547 1633 1594 crucifixus
1683 1564 1776 1611 per

264 1635 434 1675 totum
476 1634 731 1674 terrarum
773 1626 950 1672 orbem
991 1624 1335 1687 praedicatur,
1377 1624 1515 1687 quod
1555 1627 1777 1672 riserunt

265 1707 403 1767 prius
438 1701 613 1766 populi
648 1702 983 1764 superborum
1020 1707 1073 1746 et
1109 1698 1275 1746 adhuc
1307 1699 1480 1746 rident
1512 1699 1777 1763 reliquiae,

265 1779 595 1826 crediderunt
639 1784 814 1824 autem
856 1779 994 1839 prius
1037 1778 1204 1838 pauci,
1247 1792 1381 1822 nunc
1423 1775 1615 1838 populi,
1657 1779 1777 1839 quia

264 1863 388 1903 tunc
419 1855 484 1901 ad
513 1854 668 1901 fidem
697 1870 976 1916 paucorum
1007 1859 1060 1898 et
1090 1859 1267 1898 contra
1295 1855 1588 1898 inrisionem
1616 1869 1778 1916 popu-

263 1932 445 1987 lorum,
476 1947 592 1977 cum
624 1928 854 1976 Christus
885 1928 1152 1975 crucifixus
1181 1928 1582 1991 praedicaretur,
1612 1927 1776 1976 claudi

266 2006 616 2061 ambulabant,
669 2008 801 2052 muti
859 2004 1221 2068 loquebantur,
1279 2004 1418 2051 surdi
1479 2004 1777 2061 audiebant,

265 2086 402 2130 caeci
454 2082 717 2137 videbant,
768 2083 957 2127 mortui
1007 2080 1362 2143 resurgebant.
1433 2078 1514 2126 Sic
1564 2080 1777 2127 tandem

267 2159 629 2206 animadvertit
651 2165 857 2204 terrena
879 2157 1118 2219 superbia
1138 2155 1263 2202 nihil
1281 2159 1334 2201 in
1354 2158 1474 2218 ipsis
1495 2158 1644 2202 terris
1666 2172 1777 2203 esse

266 2237 530 2298 potentius
572 2232 866 2279 humilitate
911 2232 1098 2288 divina,
1142 2238 1201 2278 ut
1246 2235 1404 2278 etiam
1447 2230 1780 2278 saluberrima

264 2309 525 2357 humilitas
551 2308 777 2355 humana
802 2314 981 2354 contra
1005 2306 1340 2353 insultantem
1367 2308 1462 2354 sibi
1487 2307 1778 2370 superbiam

266 2387 466 2434 divinae
490 2388 790 2432 imitationis
815 2386 1097 2447 patrocinio
1122 2390 1373 2430 tueretur.

408 2538 426 2556 ‘¹
462 2536 478 2572 1
506 2532 606 2574 Cor.
632 2535 658 2573 i.
682 2535 751 2573 24.
1301 2531 1317 2555 ⁶
1353 2534 1370 2571 1
1397 2530 1497 2572 Cor.
1521 2532 1548 2572 i.
1571 2533 1641 2572 23.

683 2593 698 2612 ⁶
729 2587 861 2628 Matt.
883 2587 940 2628 xi.
965 2589 989 2628 5
1010 2602 1020 2632 ς
1058 2585 1188 2627 Luke
1209 2587 1282 2627 vii.
1304 2588 1374 2627 22.

267 2656 362 2702 474
