1866 2964
832 191 922 239 ST.
961 190 1369 239 AUGUSTINE

342 340 469 379 rem,
491 330 544 370 et
568 324 620 370 id
645 322 988 370 celebrabitur
1012 327 1064 369 in
1091 323 1320 379 ecclesia,
1341 324 1478 387 quod
1501 326 1585 386 pie
1610 322 1852 370 honeste-

343 416 443 461 que
491 398 795 445 celebratur.
866 399 1010 445 Haec
1051 403 1257 446 interim
1301 400 1365 446 de
1413 400 1853 446 comissationibus

343 481 397 520 et
421 475 758 520 ebrietatibus
784 475 921 521 dicta
945 477 1062 521 sint.

292 555 315 594 7
407 548 474 594 ΙΙ.
516 549 597 595 Ι)6
627 553 959 596 contentione
986 557 1162 596 autem
1189 557 1242 596 et
1267 549 1376 596 zelo
1403 550 1526 613 quid
1549 566 1633 595 me
1661 552 1853 595 attinet

341 625 529 681 dicere,
558 626 763 688 quando
791 629 891 672 ista
919 629 1043 672 vitia
1071 643 1173 672 non
1200 629 1253 672 in
1281 625 1451 688 plebe,
1480 626 1572 672 sed
1597 629 1651 671 in
1679 632 1853 672 nostro

341 717 554 747 numero
596 704 830 765 graviora
871 702 1031 748 sunt?
1101 701 1299 748 Horum
1342 709 1518 748 autem
1559 702 1852 748 morborum

341 783 509 822 mater
534 777 773 838 superbia
800 784 879 822 est
906 783 960 822 et
985 775 1241 822 humanae
1267 776 1430 824 laudis
1458 777 1693 832 aviditas,
1719 792 1852 840 quae

341 854 499 897 etiam
551 851 842 915 hypocrisin
908 869 1063 914 saepe
1123 859 1356 916 generat.
1442 852 1576 898 Huic
1622 869 1725 898 non
1775 868 1853 898 re-

339 929 552 982 sistitur,
589 930 683 973 nisi
720 928 908 974 crebris
946 928 1230 974 divinorum
1265 928 1509 975 librorum
1545 930 1852 974 testimoniis

336 1005 617 1048 incutiatur
643 1006 795 1049 timor
823 1010 877 1049 et
903 1007 1087 1049 caritas
1115 1004 1216 1060 dei,
1243 1007 1284 1050 si
1310 1011 1488 1050 tamen
1513 1003 1616 1060 ille,
1642 1006 1731 1066 qui
1755 1002 1852 1049 hoc

339 1081 464 1141 agit,
493 1095 546 1124 se
574 1082 741 1140 ipsum
769 1080 1019 1141 praebeat
1046 1082 1331 1142 patientiae
1362 1087 1519 1143 atque
1546 1078 1851 1125 humilitatis

337 1152 633 1215 exemplum
656 1157 823 1200 minus
847 1155 941 1200 sibi
968 1155 1302 1210 adsumendo,
1328 1172 1482 1218 quam
1506 1153 1734 1210 offertur,
1758 1154 1849 1200 sed

335 1234 513 1274 tamen
546 1229 609 1275 ab
643 1232 733 1285 eis,
765 1232 852 1292 qui
883 1246 937 1275 se
969 1228 1241 1286 honorant,
1272 1246 1367 1276 nec
1398 1237 1569 1276 totum
1599 1246 1694 1276 nec
1724 1227 1850 1275 nihil

336 1305 631 1366 accipiendo
667 1312 720 1351 et
752 1305 822 1360 id,
858 1306 995 1368 quod
1029 1309 1275 1368 accipitur
1308 1305 1470 1352 laudis
1505 1312 1596 1352 aut
1627 1304 1850 1360 honoris,

334 1396 436 1425 non
469 1387 680 1442 propter
713 1397 786 1436 se,
821 1384 908 1444 qui
941 1388 1082 1428 totus
1117 1398 1287 1428 coram
1321 1382 1418 1428 deo
1454 1397 1564 1428 esse
1599 1381 1759 1428 debet
1793 1387 1847 1427 et

333 1452 558 1500 humana
604 1462 954 1511 contemnere,
1001 1457 1091 1502 sed
1137 1463 1349 1519 propter
1393 1455 1504 1503 illos
1551 1459 1847 1519 accipiatur,

333 1530 516 1591 quibus
565 1529 827 1576 consulere
876 1548 978 1576 non
1026 1538 1218 1593 potest,
1266 1535 1306 1577 si
1354 1534 1511 1577 nimia
1557 1532 1845 1578 deiectione

331 1603 557 1651 vilescat.
627 1606 712 1652 Ad
747 1605 842 1652 hoc
880 1609 1016 1652 enim
1052 1610 1299 1669 pertinet,
1329 1607 1468 1669 quod
1503 1607 1696 1653 dictum
1735 1613 1846 1652 est:

329 1679 480 1726 Nemo
505 1680 780 1727 iuventutem
807 1688 932 1728 tuam
956 1688 1232 1738 contemnat,
1257 1699 1372 1729 cum
1400 1681 1485 1729 ille
1514 1681 1609 1729 hoc
1639 1683 1846 1737 dixerit,

331 1758 417 1818 qui
450 1755 547 1802 alio
578 1755 687 1802 loco
720 1760 826 1803 ait:
876 1757 929 1804 Sz‘
959 1756 1219 1804 hominibus
1242 1758 1431 1822 placere
1460 1757 1638 1814 vellem,
1672 1756 1847 1805 Christi

330 1847 490 1877 servus
514 1848 603 1878 non
627 1849 787 1878 ess-em.

285 1913 309 1951 8
401 1906 653 1970 Magnum
692 1915 770 1954 est
807 1908 870 1954 de
908 1906 1182 1955 honoribus
1220 1915 1274 1955 et
1308 1907 1543 1955 laudibus
1578 1907 1841 1955 hominum

330 1999 431 2027 non
469 1981 668 2038 laetari,
707 1983 798 2029 scd
838 1990 891 2029 et
930 2000 1135 2030 omnem
1172 1987 1379 2030 inanem
1416 2001 1658 2047 pompam
1696 2000 1842 2047 prae-

328 2058 497 2104 cidere
546 2065 617 2113 et,
664 2062 703 2104 si
751 2059 874 2122 quid
918 2060 1038 2105 inde
1085 2063 1427 2106 necessarium
1472 2063 1744 2116 retinetur,
1787 2059 1840 2107 id

327 2140 496 2179 totum
538 2134 602 2180 ad
642 2133 922 2180 utilitatem
962 2134 1322 2182 honorantium
1361 2135 1684 2199 salutemque
1723 2152 1840 2183 con—

326 2206 476 2254 ferre.
547 2208 661 2254 Non
684 2212 817 2254 enim
841 2207 1029 2256 frustra
1050 2210 1244 2256 dictum
1267 2217 1346 2257 est
1371 2226 1381 2256 z
1418 2209 1555 2257 Deus
1574 2208 1840 2274 confringet

325 2299 435 2329 ossa
485 2281 745 2329 hominibus
789 2284 978 2347 plaeere
1027 2284 1288 2331 volentium.
1358 2284 1496 2343 Quid
1546 2288 1682 2331 enim
1731 2284 1839 2331 lan-

324 2358 545 2421 gnidius,
594 2359 716 2421 quid
764 2366 872 2405 tam
921 2363 1028 2405 sine
1078 2360 1362 2406 stabilitate
1412 2377 1470 2407 ac
1516 2359 1838 2417 fortitudine,

325 2434 462 2497 quod
482 2450 593 2479 ossa
613 2434 920 2498 significant,
940 2451 1094 2498 quam
1120 2435 1271 2482 homo
1297 2452 1452 2499 quem
1472 2435 1604 2482 male
1625 2435 1836 2499 loquen—

393 2558 410 2575 α
448 2557 461 2592 l
490 2552 603 2592 Tim.
630 2553 685 2593 iv.
715 2556 777 2593 12).
1000 2552 1015 2576 ‘²
1048 2553 1148 2594 Gal.
1173 2556 1199 2595 i.
1228 2557 1293 2595 10.
1510 2560 1525 2579 ⁶
1558 2554 1628 2595 Ps.
1651 2553 1710 2595 lii.
1735 2556 1775 2596 6.

331 2624 394 2663 50
