1866 2964
754 195 846 244 ST.
884 193 1294 243 AUGUSTINE

265 329 443 378 horam
460 347 551 377 nos
569 328 671 385 ille,
690 331 777 392 qui
794 327 919 375 mihi
936 334 1146 390 paratus
1164 326 1453 382 videbatur,
1472 327 1610 372 omni
1625 324 1779 372 modo

266 399 551 446 resistendo
588 398 841 445 destituit.
910 396 1023 460 Ego
1061 402 1255 450 autem,
1291 397 1379 458 qui
1414 397 1613 457 utique,
1648 396 1780 440 sicut

268 471 436 514 exitus
459 467 649 522 docuit,
672 464 873 512 differre
895 467 1065 527 potius
1088 464 1243 511 debui
1265 479 1420 526 quam
1439 460 1779 525 periculosum

266 538 606 598 praecipitare
653 536 939 597 negotium,
987 532 1111 579 dum
1157 530 1274 577 nolo
1321 533 1677 594 gravissimum
1724 535 1779 576 et

267 606 642 650 sanctissimum
684 617 861 648 senem
905 600 971 647 ad
1011 616 1102 646 nos
1145 614 1307 662 usque
1349 596 1628 662 fatigatum
1669 600 1778 644 sine

269 670 455 718 effectu
485 677 697 733 propter
724 685 879 732 quem
914 674 1129 714 venerat
1153 674 1264 714 tam
1287 665 1459 730 longe,
1486 666 1552 713 ad
1575 668 1781 729 propria

265 755 515 794 remeare,
545 736 709 785 obtuli
737 754 840 783 non
867 736 1167 799 petentibus
1197 735 1456 798 quendam
1486 732 1781 781 adulescen-

266 815 375 854 tem
400 808 738 861 Antoninum,
764 808 851 868 qui
874 820 1078 850 mecum
1102 811 1226 850 tunc
1252 809 1380 858 erat,
1398 805 1452 848 in
1469 804 1780 848 monasterio

268 876 476 939 quidem
525 891 555 920 a
605 875 750 920 nobis
805 890 835 919 a
884 871 1096 935 parvula
1144 877 1319 918 aetate
1370 873 1639 926 nutritum,
1688 869 1780 916 sed

266 950 473 1006 praeter
512 942 744 989 lectionis
784 941 1002 987 officium
1042 938 1190 986 nullis
1230 938 1497 985 clericatus
1537 938 1779 1002 gradibus

269 1019 321 1058 et
361 1011 616 1058 laboribus
656 1017 852 1056 notum.
922 1009 996 1055 At
1033 1007 1105 1054 illi
1142 1009 1332 1062 miseri,
1372 1006 1511 1069 quod
1547 1004 1780 1052 futurum

267 1078 438 1126 fuerat
478 1081 793 1142 ignorantes,
835 1075 1070 1123 offerenti
1113 1092 1231 1122 eum
1270 1073 1396 1121 mihi
1437 1074 1780 1121 oboedientis-

268 1151 393 1193 sime
423 1147 766 1194 crediderunt.
838 1144 975 1203 Quid
1002 1143 1189 1208 plura?
1259 1143 1475 1190 Factum
1505 1149 1620 1198 est3
1668 1158 1779 1189 esse

266 1215 362 1262 illis
389 1218 653 1278 episcopus
678 1216 864 1276 coepit.
1734 1256 1742 1264 ,

218 1292 245 1329 4
334 1283 472 1342 Quid
523 1281 750 1329 faciam?
819 1279 948 1327 Nolo
1004 1280 1142 1343 apud
1194 1286 1340 1325 tuam
1392 1280 1779 1325 venerationem

267 1368 480 1415 gravare
539 1367 693 1414 quem
751 1348 1083 1395 nutriendum
1130 1346 1329 1410 collegi,
1377 1345 1493 1393 nolo
1541 1347 1779 1393 deserere

269 1436 394 1483 quos
431 1418 740 1483 colligendos
767 1418 1034 1463 timoribus
1063 1422 1116 1463 et
1142 1415 1398 1463 doloribus
1433 1417 1698 1478 parturivi,
1725 1421 1780 1460 et

272 1505 372 1551 quo
415 1488 567 1534 modo
611 1493 887 1549 utrumque
933 1501 1101 1548 agam,
1143 1486 1368 1546 reperire
1411 1499 1514 1529 non
1555 1499 1776 1545 possum.

270 1556 370 1602 Res
405 1559 595 1618 quippe
630 1555 694 1601 ad
723 1561 930 1600 tantum
962 1550 1257 1599 scandalum
1289 1553 1446 1607 venit,
1485 1557 1544 1597 ut
1572 1567 1688 1597 cum
1718 1566 1779 1596 eo

269 1623 349 1670 hic
376 1624 512 1687 apud
536 1639 626 1669 nos
651 1638 827 1669 causas
853 1622 1102 1676 dicerent,
1127 1623 1214 1683 qui
1239 1619 1303 1667 de
1326 1618 1457 1666 illius
1484 1621 1780 1682 episcopatu

271 1692 591 1754 suscipiendo
636 1698 903 1753 tamquam
947 1690 1081 1735 bene
1127 1689 1221 1734 sibi
1266 1686 1647 1734 consulentibus
1692 1687 1780 1733 ob-

271 1766 689 1823 temperaverant
716 1759 876 1805 nobis.
948 1757 1009 1803 In
1037 1757 1220 1820 quibus
1247 1758 1410 1802 causis
1438 1771 1554 1802 cum
1581 1762 1780 1818 stupro-

271 1846 383 1874 rum
432 1831 642 1874 crimina
689 1825 946 1889 capitalia,
991 1840 1123 1888 quae
1171 1841 1274 1870 non
1321 1824 1385 1870 ab
1429 1826 1549 1886 ipsis
1596 1824 1780 1886 quibus

332 1940 350 1957 ‘²
380 1934 459 1974 Ad
499 1934 663 1980 horam,
700 1932 790 1972 “in
827 1945 908 1972 our
941 1930 1054 1971 hour
1092 1930 1143 1970 of
1176 1928 1337 1977 need‚”
1372 1929 1462 1969 “at
1498 1928 1574 1970 the
1610 1928 1780 1970 critical

275 1989 520 2036 moment,'’
543 1988 797 2028 sometimes
826 1985 990 2037 simply
1022 1984 1114 2025 “at
1140 1984 1216 2025 the
1243 1983 1400 2031 time,'’
1419 1996 1468 2024 as
1497 1985 1544 2024 in
1571 1983 1648 2024 the
1676 1987 1782 2025 next

274 2042 415 2091 letter,
446 2046 465 2090 ξ
494 2044 520 2082 2
553 2041 655 2082 “ad
685 2041 842 2081 horam
878 2038 1208 2086 contristetur‚'’
1234 2038 1319 2090 Ep.
1350 2037 1453 2079 lxxi.
1483 2041 1511 2079 3
1539 2038 1565 2055 “
1583 2038 1694 2079 mihi
1721 2037 1780 2079 ad

278 2098 434 2138 horam
463 2096 601 2137 codex
631 2096 820 2143 defuit,'’
855 2094 950 2135 Cat.
982 2094 1102 2134 Rud.
1133 2095 1176 2133 ii.
1203 2095 1232 2133 4
1261 2093 1288 2109 “
1306 2092 1506 2133 hilaritas
1534 2092 1593 2133 ad
1622 2092 1780 2134 horam

279 2156 329 2192 ut
350 2151 515 2199 adsit‚'’
545 2151 640 2192 Cio.
666 2150 751 2191 Dei
779 2152 806 2190 i.
831 2152 882 2190 31
916 2149 940 2165 “
959 2146 1211 2201 [subselliis]
1239 2146 1299 2188 ad
1326 2147 1483 2188 horam
1508 2147 1779 2201 congestis,''

276 2211 359 2247 etc.

338 2260 352 2284 ⁶
386 2260 428 2301 It
445 2258 535 2300 will
551 2258 608 2300 be
626 2257 841 2299 observed
859 2257 958 2298 that
975 2256 1063 2298 this
1083 2256 1339 2297 Antoninus
1358 2269 1449 2296 was
1468 2254 1683 2297 ordained
1697 2269 1782 2308 per

277 2315 456 2362 saltum,
482 2313 681 2354 elevated
706 2317 752 2353 to
772 2313 846 2353 the
867 2311 982 2352 rank
1008 2312 1058 2351 of
1078 2311 1238 2362 bishop
1261 2309 1377 2350 from
1401 2310 1538 2363 being
1557 2310 1725 2363 merely
1753 2324 1781 2350 a

282 2369 452 2416 reader,
478 2367 752 2420 responsible
784 2368 853 2407 for
885 2366 961 2406 the
994 2365 1148 2406 sacred
1181 2364 1341 2412 books,
1375 2364 1563 2406 without
1595 2366 1781 2417 passing

280 2423 474 2476 through
499 2423 575 2463 the
598 2421 907 2463 intermediate
928 2419 1082 2461 ranks.
1142 2419 1249 2460 This
1268 2431 1359 2459 was
1377 2418 1616 2460 forbidden
1636 2421 1682 2459 in
1704 2419 1781 2460 the

280 2479 468 2518 Eastern
492 2476 671 2518 Church
700 2481 747 2517 at
774 2475 850 2516 the
879 2473 1066 2515 Council
1094 2475 1146 2514 of
1170 2472 1370 2521 sardica,
1393 2487 1488 2514 A.D.
1511 2476 1611 2521 343,
1633 2473 1717 2514 but
1747 2475 1782 2514 it

279 2531 519 2573 continued
542 2533 586 2571 in
603 2531 679 2571 the
697 2530 830 2571 Latin
848 2529 1026 2570 Church
1044 2527 1158 2569 until
1179 2528 1318 2569 about
1334 2527 1410 2568 the
1430 2527 1559 2569 ninth
1578 2531 1780 2580 century.

282 2587 485 2635 Further‚
510 2588 543 2626 it
567 2587 602 2626 is
626 2590 671 2626 to
695 2585 751 2626 be
775 2583 951 2625 noticed
980 2583 1079 2624 that
1107 2584 1361 2636 Augustine
1389 2581 1467 2623 did
1496 2586 1576 2624 not
1603 2581 1787 2624 himself

284 2651 379 2701 356
