1850 2964
765 191 856 240 ST.
894 191 1303 240 AUGUSTINE

278 329 399 390 quia
445 329 528 372 vix
575 325 822 388 loquebar
868 324 1203 371 inbecillitate
1252 325 1470 386 corporis
1518 321 1782 388 fatigatus.

277 395 424 441 Nunc
471 410 609 458 ergo,
656 393 742 448 fili,
789 393 907 439 audi
951 408 1035 438 me
1081 391 1265 438 saltem
1309 408 1402 454 per
1445 391 1644 438 litteras
1689 393 1784 439 tibi

276 465 720 516 sermocinantem,
751 477 875 523 quas
905 463 958 506 in
986 459 1220 523 periculis
1249 463 1350 506 tuis
1380 476 1660 523 numquam
1689 460 1784 506 tibi

274 534 483 576 mittere
503 532 665 592 potui,
686 528 967 591 periculum
987 531 1216 592 cogitans
1236 526 1502 590 perlatoris
1525 535 1578 574 et
1597 544 1781 575 cavens

274 615 338 644 ne
370 599 435 645 ad
464 615 566 653 eOS,
597 598 661 644 ad
691 613 815 660 quos
845 595 1049 651 nollem,
1077 612 1194 642 mea
1224 595 1443 658 epistula
1469 599 1778 659 perveniret.

275 666 428 713 Unde
470 672 592 728 peto
641 672 699 711 ut
735 668 983 728 ignoscas,
1021 667 1061 710 si
1095 671 1247 727 putas
1282 679 1366 710 me
1401 663 1514 727 plus
1550 666 1779 711 timuisse

273 751 427 798 quam
452 734 607 780 debui
631 749 642 789 3
677 740 854 779 tamen
879 733 1001 787 dixi,
1026 732 1163 795 quod
1186 734 1351 778 timui.

221 810 246 849 3
336 803 473 849 Audi
501 818 622 865 ergo
648 817 750 856 me,
777 804 932 846 immo
960 800 1222 847 dominum
1249 800 1404 847 deum
1430 806 1660 846 nostrum
1686 815 1779 863 per

269 873 608 917 ministerium
638 869 948 915 infirmitatis
979 884 1128 914 meae
1152 883 1164 925 3
1213 866 1380 914 recole
1429 867 1590 931 qualis
1622 866 1778 915 fueris

270 937 434 985 adhuc
486 941 538 983 in
590 953 797 999 corpore
851 939 1132 983 constituta
1182 935 1449 1000 religiosae
1500 939 1777 983 memoriae

268 1010 434 1069 priore
471 1008 686 1069 coniuge
721 1012 813 1051 tua
849 1011 903 1050 et
936 1007 1131 1050 recenti
1169 1007 1275 1050 eius
1311 1005 1455 1051 obitu
1490 1021 1590 1067 quo
1624 1004 1776 1051 modo

267 1075 361 1120 tibi
408 1077 604 1120 vanitas
652 1072 839 1119 saeculi
884 1071 1032 1118 huius
1078 1071 1332 1118 horruerit
1379 1079 1433 1118 et
1478 1089 1578 1135 quo
1623 1073 1775 1119 modo

267 1145 579 1204 concupieris
604 1144 905 1187 servitutem
928 1141 1026 1187 dei.
1099 1140 1202 1187 Nos
1225 1143 1475 1196 novimus,
1499 1157 1589 1186 nos
1612 1147 1774 1187 testes

266 1227 456 1266 sumus,
495 1210 619 1273 quid
655 1210 917 1255 nobiscum
957 1208 1094 1271 apud
1130 1208 1371 1255 Tubunas
1410 1208 1474 1255 de
1514 1211 1682 1255 animo
1721 1215 1775 1255 et

267 1278 531 1324 voluntate
560 1285 651 1324 tua
679 1276 834 1323 fueris
864 1276 1173 1322 conlocutus.
1244 1275 1346 1323 Soli
1373 1283 1546 1322 tecum
1575 1292 1774 1323 eramus

266 1363 362 1410 ego
398 1354 451 1392 et
484 1345 643 1392 frater
677 1345 908 1408 Alypius.
980 1345 1095 1390 Non
1129 1347 1264 1391 enim
1299 1347 1535 1391 existimo
1568 1351 1773 1391 tantum

264 1414 479 1460 valuisse
505 1421 734 1460 terrenas
761 1429 904 1459 curas
932 1413 1113 1475 quibus
1139 1411 1379 1475 impletus
1407 1428 1477 1469 es,
1503 1419 1562 1459 ut
1586 1411 1681 1459 hoc
1706 1413 1770 1460 de

261 1485 505 1529 memoria
523 1489 612 1528 tua
629 1484 834 1544 penitus
853 1480 1024 1527 delere
1041 1483 1320 1543 potuerint.
1377 1480 1577 1543 Nempe
1594 1497 1770 1529 omnes

264 1558 406 1597 actus
463 1549 690 1612 publicos
745 1550 927 1612 quibus
980 1556 1257 1611 occupatus
1306 1565 1434 1605 eras,
1480 1548 1769 1613 relinquere

261 1619 501 1681 cupiebas
550 1625 603 1664 et
648 1625 702 1664 te
748 1620 801 1663 in
847 1620 1009 1664 otium
1055 1624 1289 1663 sanctum
1334 1615 1563 1663 conferre
1612 1624 1769 1681 atque

259 1690 311 1732 in
345 1703 405 1733 ea
436 1690 542 1733 vita
572 1689 759 1741 vivere,
790 1688 842 1731 in
879 1702 981 1748 qua
1017 1688 1146 1731 servi
1188 1686 1273 1732 dei
1306 1684 1542 1732 monachi
1572 1688 1763 1733 vivunt.

259 1755 333 1801 Ut
368 1762 543 1801 autem
576 1771 678 1801 non
712 1752 924 1810 faceres,
959 1754 1083 1817 quid
1117 1760 1172 1800 te
1208 1756 1483 1810 revocavit,
1516 1756 1611 1800 nisi
1646 1756 1768 1818 quia

320 1934 338 1952 ⁰
371 1928 413 1968 It
428 1941 518 1968 was
534 1926 756 1980 probably
772 1940 830 1967 on
845 1926 932 1967 this
948 1928 1152 1967 occasion
1165 1926 1264 1968 that
1279 1927 1532 1980 Augustine
1544 1926 1766 1980 preached

259 1982 411 2023 before
445 1983 538 2023 him
575 1982 763 2023 Sermon
797 1983 924 2029 cxiv„
955 1982 1030 2022 the
1059 1981 1153 2022 title
1183 1983 1234 2022 of
1262 1982 1408 2022 which
1441 1986 1577 2023 states
1611 1984 1645 2023 it
1673 1996 1764 2023 was

259 2037 480 2078 delivered
503 2037 529 2053 ‘⁶
550 2040 781 2089 praesente
802 2039 963 2077 comite
987 2036 1265 2078 Bonifacio.”

320 2092 334 2116 ὃ
369 2093 570 2132 Servitus
610 2092 709 2138 Des,
746 2093 791 2131 in
828 2091 904 2131 the
943 2105 1164 2132 narrower
1202 2104 1342 2139 sense,
1378 2092 1413 2132 is
1452 2090 1561 2132 used
1603 2092 1654 2132 of
1688 2091 1764 2133 the

259 2149 477 2187 monastic
507 2146 596 2194 life,
613 2146 706 2198 just
736 2158 784 2185 as
815 2159 967 2185 servus
996 2146 1095 2193 Dei,
1126 2148 1171 2186 in
1201 2146 1276 2186 the
1306 2160 1527 2187 narrower
1555 2159 1695 2195 sense,
1726 2148 1762 2187 is

257 2201 366 2242 used
401 2203 451 2241 of
485 2215 511 2240 a
547 2200 687 2241 monk
722 2200 820 2251 (emy
858 2200 996 2241 Serm.
1031 2203 1131 2241 214.
1168 2203 1192 2241 8
1229 2200 1331 2241 “de
1369 2203 1504 2242 servis
1543 2201 1627 2242 Dei
1659 2232 1669 2242 .
1704 2232 1714 2242 .
1749 2232 1760 2243 .

256 2258 511 2308 saepissime
527 2255 729 2302 dicitun‘
751 2254 835 2295 Tot
851 2268 991 2295 annos
1013 2254 1114 2296 ille
1104 2269 1148 2295 m
1170 2254 1244 2296 illo
1258 2255 1352 2296 vel'
1343 2269 1387 2295 1n
1403 2255 1477 2296 illo
1493 2258 1761 2297 monasterio

255 2311 398 2358 sedit‚’
427 2311 510 2350 hoc
536 2314 614 2357 est,
643 2311 871 2372 requievit,
899 2314 1200 2350 commoratus
1227 2314 1306 2357 est,
1334 2309 1598 2351 habitavit”
1618 2310 1758 2363 ‚.Ep

254 2365 352 2406 clix.
381 2369 416 2412 1,
438 2370 519 2405 etc.
527 2366 555 2415 )‚
578 2365 659 2404 but
683 2366 715 2404 it
740 2365 774 2404 is
799 2363 891 2404 also
915 2364 1024 2404 used
1048 2365 1099 2404 of
1117 2365 1192 2405 the
1211 2363 1363 2417 clergy
1383 2365 1447 2416 (in
1474 2364 1560 2405 No.
1582 2368 1652 2413 34,
1677 2369 1758 2414 §3‚

254 2422 287 2460 it
309 2422 343 2460 is
366 2419 472 2460 used
496 2420 546 2459 of
563 2420 737 2471 priests)
761 2418 850 2458 and
879 2420 929 2459 of
950 2419 1025 2460 the
1055 2419 1279 2460 Christian
1299 2418 1409 2471 laity
1431 2419 1505 2471 (In
1529 2419 1651 2460 Ioan.
1673 2419 1757 2461 Ev.

252 2489 293 2515 x.
318 2478 340 2514 7
366 2475 391 2490 “
408 2487 558 2514 servus
581 2474 678 2521 Dei,
695 2472 888 2525 populus
912 2474 1008 2521 Dei,
1026 2473 1209 2514 ecclesia
1231 2473 1361 2521 Dei‚’'
1378 2473 1468 2514 and
1491 2478 1511 2522 ξ
1531 2478 1557 2515 5
1581 2473 1756 2526 below).

311 2535 324 2553 ⁶
356 2529 449 2569 The
476 2528 660 2569 modern
687 2528 858 2575 Tobna‚
887 2542 992 2568 near
1018 2528 1073 2568 El
1101 2528 1315 2576 Kantara,
1346 2528 1490 2569 which
1515 2527 1593 2569 lies
1619 2528 1758 2570 about

248 2582 350 2635 fifty
367 2583 491 2624 miles
513 2583 644 2623 north
665 2584 716 2623 of
734 2582 909 2624 Biskra.
971 2583 1190 2624 Tubunae
1210 2583 1393 2624 became
1413 2596 1441 2624 a
1459 2583 1757 2636 municipium

249 2653 340 2695 418
