1850 2964
774 216 865 264 ST.
903 216 1312 264 AUGUSTINE

287 351 514 398 nondum
551 348 795 397 defuncto
842 367 945 396 non
981 349 1264 397 induereris
1311 351 1442 395 sicut
1489 348 1658 405 Anna,
1694 347 1798 403 ,sed

289 433 419 476 sicut
444 428 689 476 Susanna.

214 515 265 554 10
355 508 537 571 Neque
599 511 735 554 enim
790 514 844 554 et
896 506 980 553 ille
1040 509 1127 570 qui
1174 513 1348 554 tecum
1399 509 1503 552 iam
1555 511 1798 568 coeperat

288 587 543 633 custodire
569 593 677 633 tam
702 602 948 650 magnum
979 588 1328 632 continentiae
1359 585 1568 641 bonum,
1595 586 1797 631 etiamsi

288 664 572 729 coniugale,
597 682 700 711 non
737 663 957 720 viduale,
982 663 1225 710 voluisset
1261 670 1320 710 ut
1357 666 1611 726 acciperes
1650 662 1797 709 indu-

286 751 539 800 mentum,
596 744 660 790 ad
714 743 1043 790 indecentem
1096 758 1301 806 quoque
1359 749 1415 788 te
1469 740 1832 804 compulisset*

289 829 543 878 ornatum,
577 839 677 885 quo
711 825 807 868 etsi
841 821 1010 884 aliqua
1042 821 1169 868 dura
1200 821 1495 867 condicione
1527 822 1799 884 cogereris,

287 917 461 964 posses
490 900 681 947 habere
709 903 762 946 in
791 900 1010 962 superbo
1039 899 1180 946 cultu
1209 916 1293 946 cor
1320 898 1528 946 humile.
1598 898 1799 962 Nempe

290 980 427 1042 apud
459 986 633 1041 patres
667 977 856 1025 Esther
888 978 973 1024 illa
1005 981 1184 1042 regina
1217 978 1372 1025 deum
1405 980 1610 1033 timens,
1645 977 1800 1024 deum

290 1057 477 1113 colens,
514 1058 626 1104 'deo
678 1057 899 1112 subdita,
951 1060 1137 1103 marito
1178 1059 1289 1120 regi
1328 1055 1647 1120 alienigenae
1697 1071 1800 1101 non

290 1137 512 1182 eundem
586 1152 759 1182 secum
830 1134 1018 1182 colenti
1094 1135 1249 1182 deum
1323 1141 1502 1181 tamen
1571 1134 1804 1181 subiecta

289 1215 560 1261 serviebat.
653 1214 799 1273 Quae
847 1231 963 1260 cum
1010 1220 1242 1260 extremo
1287 1211 1513 1276 periculo
1558 1229 1661 1259 non
1709 1229 1799 1259 suo

289 1300 494 1340 tantum
543 1293 635 1340 sed
693 1295 852 1339 etiam
909 1295 1079 1356 gentis
1144 1308 1285 1348 suae,
1349 1295 1436 1355 qui
1499 1298 1624 1338 tunc
1688 1297 1801 1338 erat

289 1371 505 1434 populus
542 1372 642 1427 dei,
678 1371 883 1418 domino
917 1377 1330 1434 prosterneretur
1364 1370 1573 1426 orando,
1606 1373 1659 1416 in
1692 1372 1804 1432 ipsa

290 1453 520 1496 oratione
548 1466 639 1496 sua
665 1450 796 1496 dixit
821 1452 896 1496 ita
923 1450 1016 1496 sibi
1045 1465 1155 1496 esse
1183 1456 1421 1496 ornatum
1446 1451 1646 1513 regium
1672 1451 1803 1495 sicut

288 1545 517 1592 pannum
562 1527 966 1583 nienstruale1n3
1033 1535 1086 1574 et
1130 1531 1205 1574 ita
1251 1534 1485 1574 orantem
1531 1525 1801 1574 confestim

291 1607 570 1662 exaudivit,
621 1610 708 1670 qui
757 1605 910 1653 cordis
963 1606 1192 1671 inspector
1241 1623 1356 1652 eam
1405 1622 1582 1653 verum
1631 1605 1800 1653 dicere

292 1687 452 1731 scivit.
522 1685 592 1731 Et
662 1688 842 1748 utique
912 1688 1154 1731 maritum
1225 1683 1453 1731 habebat
1521 1683 1799 1730 multarum

288 1762 559 1808 mulierum
597 1765 759 1809 virum
798 1769 851 1809 et
888 1763 1100 1809 deorum
1139 1761 1418 1809 alienorum
1455 1761 1800 1826 falsorumque

290 1840 554 1887 cultorem.
624 1840 701 1887 Tu
745 1848 938 1896 autem,
976 1844 1017 1887 si
1056 1848 1109 1887 et
1146 1840 1229 1887 ille
1265 1843 1319 1887 in
1354 1844 1615 1904 proposito
1663 1840 1800 1904 quod

289 1925 462 1964 tecum
502 1926 815 1981 susceperat,
853 1919 1158 1981 perduraret
1196 1935 1291 1966 nec
1330 1935 1360 1965 a
1397 1926 1452 1966 te
1491 1918 1710 1966 offensus
1747 1922 1802 1965 in

289 1996 541 2060 flagitium
589 2000 878 2053 corruisset,
925 2000 1167 2043 maritum
1214 1996 1442 2044 habebas
1489 2015 1591 2044 non
1638 1996 1800 2044 solum

290 2074 494 2120 fidelem
531 2081 584 2121 et
618 2091 795 2121 verum
829 2075 984 2121 deum
1018 2082 1191 2121 tecum
1226 2074 1482 2122 colentem
1516 2076 1608 2123 sed
1642 2078 1800 2122 etiam

290 2155 660 2208 continentem,
698 2156 785 2216 qui
820 2152 996 2215 procul
1032 2153 1187 2200 dubio
1223 2157 1469 2217 propositi
1506 2157 1663 2201 vestri
1698 2170 1801 2200 non

350 2330 369 2348 ⁰
401 2325 468 2366 i.e.
501 2325 570 2376 By
598 2327 794 2377 wearing
821 2340 847 2366 a
883 2325 1097 2366 matron's
1125 2325 1247 2367 dress
1275 2326 1448 2368 instead
1475 2327 1526 2368 of
1547 2340 1575 2368 a
1602 2327 1798 2368 widow's

293 2379 428 2420 dress.
492 2380 517 2395 “
533 2381 669 2420 Anna
685 2380 710 2396 '’
738 2382 772 2420 is
798 2381 873 2420 the
900 2381 1159 2432 prophetess
1185 2381 1236 2421 of
1257 2380 1303 2423 S.
1323 2381 1453 2422 Luke
1479 2383 1522 2423 ii.
1539 2385 1686 2430 36-38,
1713 2395 1798 2422 one

291 2435 341 2474 of
369 2434 443 2474 the
476 2434 615 2486 godly
654 2439 861 2475 remnant
897 2434 947 2475 of
979 2434 1115 2475 Israel
1147 2435 1245 2476 that
1278 2449 1368 2476 was
1400 2435 1588 2489 looking
1619 2436 1690 2477 for
1721 2436 1798 2477 the

290 2491 470 2540 coming
484 2489 533 2528 of
544 2489 619 2529 the
639 2489 685 2529 M
692 2489 858 2536 essiah;
887 2489 965 2529 she
982 2491 1016 2529 is
1032 2489 1169 2530 taken
1186 2490 1247 2542 by
1261 2490 1336 2531 the
1349 2490 1384 2531 F
1386 2491 1534 2532 athers
1549 2503 1598 2532 as
1611 2504 1638 2531 a
1650 2495 1801 2544 proto·

293 2547 401 2595 type
431 2544 480 2583 of
498 2547 602 2584 'true
621 2543 711 2583 and
732 2543 839 2595 holy
859 2543 1151 2585 widowhood.
1212 2544 1307 2585 The
1326 2549 1449 2597 story
1469 2545 1519 2586 of
1535 2545 1744 2587 Susanna
1763 2547 1799 2586 is

294 2597 388 2637 told
417 2599 461 2637 in
490 2598 564 2637 the
593 2597 869 2650 apocryphal
897 2602 998 2651 part
1026 2598 1076 2639 of
1100 2598 1275 2647 Daniel,
1304 2599 1374 2640 ch.
1402 2601 1508 2647 xiii3
1553 2600 1632 2640 she
1659 2601 1696 2640 is
1723 2600 1800 2640 the

300 2660 396 2708 516
