1850 2964
736 138 827 185 ST.
866 134 1274 184 AUGUSTINE

246 274 397 320 modo
417 278 609 336 potest,
631 271 722 318 sed
743 270 911 333 aliqua
934 286 997 316 ex
1017 275 1165 332 parte
1190 283 1418 331 pascere,
1438 284 1504 313 ne
1525 268 1761 313 universa

247 345 359 409 plus
395 350 630 408 pereant,
666 346 761 389 nisi
796 350 855 388 tu
891 340 1046 388 facias
1090 356 1221 404 quae
1268 341 1393 387 deus
1429 338 1669 402 prohibet
1705 344 1759 384 et

247 417 552 464 facientibus
592 414 972 462 comminatur?
1042 413 1258 475 Propter
1297 411 1435 474 quod
1471 411 1612 458 vides
1650 417 1760 456 tam

245 489 409 536 multa
447 490 684 543 contrita,
723 493 781 533 ut
818 489 919 532 iam
957 484 1054 531 vile
1101 484 1292 547 aliquid
1335 484 1472 547 quod
1511 485 1759 546 rapiatur,

247 564 328 607 vix
354 563 658 607 inveniatur.
1680 608 1683 610 ‚

196 640 219 678 7
311 632 448 691 Quid
487 638 663 677 autem
702 631 868 677 dicam
908 630 972 677 de
1011 630 1300 675 vastatione
1340 625 1564 683 Africae,
1603 642 1758 689 quam

245 703 440 751 faciunt
462 702 574 750 Afri
594 703 799 750 barbari
819 705 1092 749 resistente
1115 700 1271 755 nullo,
1293 700 1415 746 dum
1437 706 1496 745 tu
1517 698 1633 745 talis
1655 700 1758 744 tuis

246 776 638 822 necessitatibus
689 777 948 837 occuparis
996 789 1091 819 nec
1140 772 1332 835 aliquid
1374 771 1576 818 ordinas
1620 770 1757 817 unde

246 852 345 895 ista
366 847 628 894 calamitas
652 854 914 893 avertatur
938 847 955 892 Ρ
1025 844 1150 903 Quis
1176 852 1351 890 autem
1373 844 1625 898 crederet,
1646 846 1758 905 quis

247 927 423 966 autem
465 923 691 975 timeret,
730 917 985 965 Bonifatio
1022 918 1418 964 domesticorum
1456 923 1510 962 et
1551 913 1757 962 Africae

245 995 432 1038 comite
456 994 509 1037 in
534 990 707 1038 Africa
732 994 1013 1037 constituto
1039 1006 1154 1036 cum
1179 996 1288 1035 tam
1312 1005 1501 1052 magno
1527 990 1758 1034 exercitu

247 1071 301 1110 et
346 1070 628 1126 potestate,
677 1066 764 1126 qui
810 1063 1045 1109 tribunus
1094 1078 1210 1108 cum
1256 1064 1430 1124 paucis
1478 1058 1756 1107 foederatis

245 1152 420 1182 omnes
456 1139 590 1198 ipsas
632 1142 815 1199 gentes
855 1134 1199 1197 expugnando
1240 1140 1293 1179 et
1333 1132 1576 1179 terrendo
1607 1148 1757 1194 paca-

244 1214 406 1263 verat,
431 1224 565 1253 nunc
597 1214 803 1254 tantum
836 1204 991 1252 fuisse
1023 1206 1265 1252 barbaros
1300 1221 1526 1260 ausuros,
1550 1210 1756 1250 tantum

244 1296 616 1343 progressuros,
685 1285 835 1325 tanta
908 1284 1214 1333 vastaturos,
1285 1283 1435 1323 tanta
1502 1282 1756 1338 rapturos,

247 1358 397 1397 tanta
456 1351 567 1398 loca
626 1367 758 1414 quae
813 1349 967 1413 plena
1021 1348 1220 1412 populis
1273 1347 1498 1403 fuerant,
1551 1347 1758 1394 deserta

246 1422 511 1470 facturos?
581 1422 682 1481 Qui
738 1439 841 1469 non
897 1422 1157 1477 dicebant,
1215 1420 1641 1483 quandocumque
1697 1426 1757 1466 tu

239 1498 531 1541 comitivam
567 1510 794 1541 sumeres
827 1500 1162 1556 potestatem,
1203 1490 1354 1539 Afros
1382 1492 1625 1538 barbaros
1653 1507 1757 1537 non

248 1565 410 1613 solum
431 1567 649 1613 domitos
670 1566 761 1613 sed
781 1569 939 1612 etiam
956 1566 1254 1611 tributarios
1275 1563 1473 1611 futuros
1493 1563 1756 1610 Romanae

245 1642 317 1685 rei
357 1638 630 1702 publicae?
698 1638 768 1685 Et
807 1654 942 1684 nunc
974 1654 1128 1700 quam
1168 1640 1220 1683 in
1259 1640 1571 1683 contrarium
1609 1652 1756 1683 versa

245 1714 311 1757 sit
349 1726 463 1773 spes
504 1709 786 1766 hominum,
823 1710 979 1756 vides.
1054 1708 1162 1756 Nec
1199 1710 1392 1756 diutius
1429 1707 1545 1755 hinc
1578 1715 1753 1756 tecum

244 1782 557 1846 loquendum
588 1789 684 1838 est,
712 1785 831 1846 quia
856 1781 969 1844 plus
999 1797 1059 1827 ea
1086 1788 1144 1828 tu
1170 1788 1319 1844 potes
1347 1784 1572 1845 cogitare
1601 1797 1756 1844 quam

245 1871 335 1901 nos
361 1855 545 1901 dicere.

196 1934 220 1972 8
310 1925 411 1973 Sed
448 1925 581 1973 forte
620 1926 685 1973 ad
721 1929 821 1973 ista
856 1925 1134 1989 respondes
1171 1924 1266 1972 illis
1302 1924 1398 1972 hoc
1437 1942 1547 1972 esse
1583 1928 1754 1989 potius

244 1998 605 2061 inputandum,
659 2001 745 2061 qui
797 2005 851 2045 te
903 1997 1182 2054 laeserunt,
1235 2001 1321 2061 qui
1373 2000 1474 2045 tuis
1526 1998 1754 2045 officiosis

311 2145 329 2164 ‘²
361 2140 574 2181 Boniface
597 2139 687 2180 had
712 2140 980 2192 apparently
1004 2144 1082 2180 not
1108 2139 1313 2180 followed
1339 2139 1414 2180 the
1441 2139 1596 2181 advice
1619 2142 1752 2193 given

250 2195 344 2235 him
378 2195 440 2247 by
475 2196 727 2247 Augustine
762 2197 805 2235 in
842 2195 929 2236 No.
965 2198 1019 2234 42
1052 2199 1071 2242 ἓ
1104 2198 1127 2235 7
1165 2194 1386 2235 “divitiae
1420 2194 1681 2242 saeculares,
1717 2197 1753 2236 si

252 2249 427 2297 desunt,
458 2263 547 2290 non
582 2263 660 2301 per
690 2249 807 2290 mala
838 2263 973 2301 opera
1002 2253 1275 2301 quaerantur
1305 2251 1349 2289 in
1380 2249 1596 2290 mundo.’'
1658 2250 1754 2291 The

247 2304 461 2345 historian
479 2303 565 2356 Oly
572 2304 828 2356 mpiodorus
845 2306 880 2345 is
897 2304 1030 2344 much
1046 2317 1165 2344 more
1178 2303 1439 2345 favourable
1453 2308 1499 2345 to
1518 2304 1751 2346 Boniface:

248 2362 296 2407 ἦν
320 2362 360 2398 δὲ
383 2363 446 2398 καὶ
469 2361 650 2399 δικαιοσύ
631 2375 720 2407 υνης
744 2363 910 2408 ἐραστὴς
934 2363 997 2398 καὶ
1019 2362 1235 2409 χρημάτων
1259 2363 1456 2409 κρείττων.

313 2413 329 2438 ⁶
359 2413 527 2454 There
518 2426 552 2454 1s
569 2427 617 2454 as
639 2417 713 2466 yet
730 2427 787 2454 no
804 2415 1007 2466 question
1025 2414 1075 2453 of
1086 2413 1160 2453 the
1177 2413 1393 2461 Vandals‚
1411 2428 1450 2453 w
1454 2414 1558 2454 hose
1572 2415 1752 2478 coming

250 2471 298 2508 to
327 2467 481 2509 Africa
510 2481 600 2509 was
629 2472 675 2509 at
704 2468 816 2510 least
843 2482 870 2509 a
899 2482 1006 2520 year
1034 2467 1159 2511 later.
1223 2467 1289 2509 Of
1319 2469 1406 2509 this
1435 2470 1676 2521 campaign
1704 2470 1750 2510 in

252 2522 406 2563 Africa
429 2524 607 2576 against
630 2522 704 2563 the
732 2523 886 2564 Moors
910 2536 968 2564 no
991 2521 1150 2564 details
1175 2536 1249 2563 are
1273 2521 1454 2564 known.
1518 2522 1553 2564 F
1557 2537 1750 2572 reeman

247 2587 344 2636 426
