1866 2964
727 146 818 194 ST.
856 146 1266 194 AUGUSTINE

239 281 467 345 gaudeat
510 279 681 343 puella
725 279 904 326 nobilis
949 296 1158 343 genere,
1202 278 1415 325 nobilior
1458 281 1753 334 sanctitate,

242 359 379 422 quod
426 362 491 405 sit
542 375 634 421 per
684 359 911 404 divinum
962 361 1272 404 consortium
1320 360 1650 419 praecipuam
1701 359 1754 402 in

241 437 391 484 caelis
428 444 763 483 consecutura
799 435 1188 491 sublimitatem,
1225 452 1380 499 quam
1415 438 1455 481 si
1493 442 1629 482 esset
1663 451 1756 497 per

241 511 524 562 humanum
559 515 833 562 conubium
863 514 1058 576 prolem
1084 521 1429 578 propagatura
1466 500 1752 559 sublimem.

243 593 550 640 Generosius
597 596 787 656 quippe
834 592 991 656 elegit
1035 593 1285 639 Aniciana
1327 595 1602 655 posteritas
1647 598 1755 638 tam

240 672 508 719 inlustrem
550 670 796 717 familiam
838 671 993 717 beare
1036 674 1241 733 nuptias
1284 670 1558 717 nesciendo
1601 685 1757 733 quam

242 750 580 813 multiplicare
612 749 858 812 pariendo
892 757 945 796 et
977 752 1030 794 in
1061 765 1211 795 carne
1243 752 1346 795 iam
1377 750 1567 795 imitari
1598 751 1758 794 vitam

244 829 541 893 angelorum
579 845 733 892 quam
771 844 833 874 ex
870 844 1021 874 carne
1057 844 1328 873 numerum
1365 825 1530 873 adhuc
1567 842 1757 890 augere

242 907 549 954 mortalium.
622 906 765 953 Haec
798 913 876 952 est
908 906 1111 952 uberior
1142 904 1509 969 fecundiorque
1541 903 1757 951 felicitas

244 1003 346 1032 non
381 993 559 1032 ventre
594 1001 894 1049 gravescere
928 984 1020 1031 sed
1053 991 1230 1030 mente
1265 984 1622 1047 grandescere,
1656 999 1758 1029 non

251 1063 527 1111 lactescere
553 1070 763 1126 pectore
790 1063 880 1109 sed
906 1063 1057 1109 corde
1083 1062 1407 1118 candescere,
1432 1079 1534 1108 non
1562 1064 1760 1108 visceri-

247 1143 341 1189 bus
362 1150 554 1189 terram
575 1141 666 1188 sed
692 1140 890 1187 caelum
917 1141 1230 1187 orationibus
1257 1143 1526 1203 parturire.
1582 1139 1759 1186 Domi-

246 1237 426 1267 narum
478 1219 669 1266 honore
716 1220 1043 1282 dignissimae
1092 1226 1145 1265 et
1191 1221 1375 1265 merito
1421 1217 1658 1265 inlustres
1706 1225 1760 1264 et

246 1301 716 1361 praestantissimae
751 1297 901 1354 filiae,
934 1296 1267 1360 perfruamini
1300 1300 1351 1343 in
1384 1296 1469 1343 illa
1502 1296 1640 1360 quod
1672 1296 1760 1343 de-

244 1376 343 1424 fuit
369 1378 526 1432 vobis,
552 1384 610 1423 ut
641 1383 936 1422 nasceretur
963 1392 1026 1421 ex
1053 1376 1192 1422 vobis
1217 1392 1230 1430 3
1275 1382 1569 1438 perseveret
1597 1391 1760 1438 usque

244 1459 296 1502 in
327 1455 499 1511 finem,
526 1453 808 1501 adhaerens
840 1457 1073 1517 coniugio
1101 1453 1238 1516 quod
1268 1470 1369 1500 non
1401 1452 1562 1500 habet
1586 1453 1757 1500 finem.

247 1534 523 1580 Imitentur
563 1549 675 1579 eam
715 1531 910 1578 multae
949 1530 1172 1577 famulae
1213 1531 1472 1578 dominam
1509 1531 1759 1595 ignobiles

245 1611 487 1668 nobilem,
513 1610 762 1674 fragiliter
797 1609 1029 1656 excelsae
1058 1609 1304 1656 excelsius
1329 1608 1576 1656 humilem
1600 1625 1611 1665 ;
1667 1613 1760 1656 vir-

245 1694 388 1754 gines
420 1706 551 1753 quae
576 1690 670 1735 sibi
701 1695 885 1751 optant
915 1689 1211 1734 Aniciorum
1235 1687 1541 1744 claritatem,
1566 1687 1760 1752 eligant

245 1772 591 1816 sanctitatem.
663 1766 797 1813 Illud
853 1769 988 1812 enim
1044 1773 1239 1829 quanta
1293 1765 1421 1813 libet
1475 1766 1760 1829 cupiditate

246 1847 450 1911 quando
467 1846 816 1909 adsequentur
840 1845 858 1890 ?
928 1844 1039 1890 Hoc
1056 1852 1250 1901 autem,
1266 1847 1307 1890 si
1320 1844 1473 1907 plene
1489 1847 1760 1907 cupierint,

245 1942 363 1971 mox
389 1924 671 1971 habebunt.
743 1922 991 1986 Protegat
1017 1939 1102 1968 vos
1128 1921 1406 1969 incolumes
1433 1930 1487 1969 et
1510 1921 1759 1970 feliciores

245 2004 461 2050 dextera
509 2002 756 2057 altissimi,
805 2001 1042 2047 dominae
1090 1999 1281 2047 honore
1329 2001 1656 2064 dignissimae
1705 2009 1760 2049 et

245 2083 716 2145 praestantissimae
749 2078 897 2125 filiae.
968 2078 1188 2142 Pignera
1219 2082 1506 2126 sanctitatis
1538 2087 1758 2137 vestrae,

244 2163 517 2223 praecipue
540 2162 703 2221 ipsam
726 2160 1003 2204 sanctitate
1026 2160 1355 2219 praecipuam
1378 2157 1554 2204 debito
1577 2161 1757 2204 vestris

307 2316 325 2334 ⁰
357 2309 422 2350 Of
439 2309 512 2349 the
534 2309 681 2348 Anicii
703 2306 885 2348 Gibbon
906 2319 1009 2358 says
1031 2306 1229 2358 (Decime
1250 2307 1341 2347 and
1362 2307 1481 2355 Fan,
1502 2308 1633 2360 chap.
1655 2309 1755 2360 31)=

255 2365 280 2380 “
299 2365 431 2404 From
463 2363 537 2403 the
559 2365 682 2414 reign
705 2362 754 2401 of
781 2360 1030 2401 Diocletian
1055 2365 1100 2400 to
1121 2361 1195 2401 the
1215 2361 1321 2401 final
1345 2364 1586 2402 extinction
1607 2362 1658 2402 of
1683 2362 1757 2402 the

251 2419 452 2459 VVestern
483 2417 664 2468 Empire
694 2416 792 2455 that
822 2429 952 2455 name
983 2415 1119 2455 shone
1142 2416 1247 2455 with
1277 2430 1303 2456 a
1332 2415 1467 2456 lustre
1497 2416 1641 2457 which
1667 2429 1756 2457 was

256 2477 333 2513 not
356 2471 549 2524 eclipsed
581 2474 625 2510 in
655 2470 728 2510 the
750 2469 901 2522 public
929 2471 1182 2510 estimation
1214 2470 1274 2522 by
1295 2470 1369 2510 the
1396 2470 1586 2522 niajesty
1606 2470 1657 2511 of
1681 2471 1756 2511 the

252 2527 462 2579 Imperial
482 2524 685 2578 purple.’'

249 2597 345 2642 270
