1866 2964
787 197 878 245 ST.
918 201 1324 248 AUGUSTINE

302 343 416 372 cum
455 331 613 390 cupis,
648 329 930 376 indicemus
967 332 1079 386 tibi,
1117 333 1240 395 quid
1275 336 1327 378 in
1363 333 1612 380 sensibilis
1650 342 1807 397 atque

300 394 646 459 intellegibilis
669 405 883 444 naturae
907 399 1250 447 discernentia
1270 400 1649 463 profecerimus.
1707 401 1808 449 Sed

301 479 402 508 non
436 465 652 510 arbitror
681 465 935 512 occultum
966 469 1059 513 tibi
1091 485 1219 524 esse,
1249 472 1289 515 si
1319 468 1456 516 falsis
1487 471 1807 532 opinionibus

301 538 448 576 tanto
484 535 699 595 quisque
733 537 973 581 inseritur
1007 539 1188 600 magis,
1223 544 1417 599 quanto
1451 541 1614 601 magis
1648 541 1701 595 in
1737 540 1809 584 eis

300 597 698 663 familiariusque
736 601 1013 659 volutatur,
1049 603 1211 651 multo
1248 605 1301 651 id
1336 604 1531 651 facilius
1567 609 1619 651 in
1655 606 1808 652 rebus

301 671 428 713 veris
471 672 639 715 animo
681 671 926 717 accidere.
997 672 1077 717 Ita
1118 679 1295 719 tamen
1334 673 1582 736 paulatim
1617 681 1675 720 ut
1716 690 1809 736 per

299 742 529 781 aetatem
571 738 875 798 proficimus.
945 739 1149 802 Quippe
1194 758 1309 787 cum
1353 741 1628 804 plurimum
1670 744 1807 787 inter

300 820 516 865 puerum
552 812 603 851 et
638 809 875 852 iuvenem
910 808 1086 864 distet,
1120 825 1270 855 nemo
1305 826 1333 854 a
1366 813 1587 871 pueritia
1619 810 1807 856 cotidie

296 874 642 935 interrogatus
667 891 720 920 se
746 874 1019 937 aliquando
1042 880 1280 923 iuvenem
1306 878 1458 924 dicet.

250 945 275 982 2
364 940 515 998 Quod
548 941 662 987 nolo
695 946 747 988 in
782 959 895 988 eam
929 951 1130 1005 partem
1165 949 1398 1007 accipias,
1432 952 1490 991 ut
1523 962 1612 991 nos
1646 948 1698 990 in
1730 943 1807 990 his

299 1009 450 1054 rebus
476 1013 619 1072 quasi
645 1011 710 1056 ad
734 1012 992 1074 quandam
1016 1016 1203 1059 mentis
1227 1017 1551 1059 iuventutem
1577 1012 1807 1059 firmioris

298 1076 687 1141 intellegentiae
736 1080 916 1125 robore
966 1084 1257 1142 pervenisse
1308 1085 1585 1127 existimes.
1656 1080 1807 1126 Pueri

299 1148 435 1190 enim
467 1163 658 1201 sumuS,
691 1147 799 1202 sed,
832 1155 889 1193 ut
923 1148 1020 1194 dici
1054 1149 1269 1205 adsolet,
1300 1148 1514 1195 forsitan
1546 1148 1700 1204 belli3
1753 1155 1807 1195 et

298 1229 399 1258 non
442 1214 591 1261 male.
662 1214 793 1260 Nam
835 1215 1138 1279 plerumque
1181 1218 1509 1280 perturbatos
1554 1224 1608 1262 et
1651 1219 1807 1262 sensi-

298 1280 474 1327 bilium
520 1282 787 1345 plagarum
834 1287 964 1330 curis
1011 1283 1227 1331 refertos
1274 1284 1358 1331 illa
1404 1286 1499 1331 tibi
1544 1287 1809 1331 notissima

296 1350 582 1396 ratiuncula
632 1354 684 1396 in
731 1355 1119 1414 respirationem
1166 1353 1322 1408 levat,
1369 1360 1600 1399 mentem
1648 1359 1805 1415 atque

295 1417 706 1481 intellegentiam
753 1419 907 1466 oculis
955 1428 1009 1467 et
1055 1420 1149 1467 hoc
1194 1421 1390 1484 vulgari
1437 1427 1649 1483 aspectu
1696 1436 1806 1466 esse

296 1485 574 1533 meliorem.
645 1488 796 1546 Quod
816 1491 889 1534 ita
911 1505 1013 1534 non
1035 1496 1189 1544 esset,
1211 1493 1305 1535 nisi
1326 1492 1488 1552 magis
1511 1495 1684 1534 essent
1704 1487 1807 1543 1113,

298 1570 429 1615 quae
466 1555 830 1619 intellegimuS,
866 1573 1019 1619 quam
1055 1560 1171 1612 ista,
1207 1574 1339 1620 quae
1375 1559 1643 1602 cernimus.
1713 1555 1806 1601 Cui

295 1625 670 1669 ratiocinationi
705 1632 878 1671 utrum
913 1623 1037 1670 nihil
1071 1625 1236 1672 valide
1270 1628 1530 1671 inimicum
1565 1627 1649 1680 sit,
1683 1630 1807 1686 peto

295 1706 497 1736 mecum
521 1693 825 1739 consideres.
895 1692 1007 1739 Hac
1033 1709 1129 1756 ego
1157 1696 1364 1739 interim
1388 1698 1667 1747 recreatuS,
1691 1708 1805 1738 cum

297 1758 394 1803 deo
418 1762 470 1804 in
496 1760 740 1806 auxilium
765 1762 1042 1822 deprecato
1068 1768 1121 1807 et
1145 1765 1197 1806 in
1220 1764 1387 1823 ipsum
1413 1767 1467 1806 et
1490 1763 1542 1806 in
1568 1776 1647 1815 ea,
1672 1775 1804 1822 quae

297 1829 555 1873 verissime
583 1845 702 1874 vera
729 1837 866 1885 sunt,
895 1828 1069 1875 adtolli
1097 1846 1330 1892 coepero,
1357 1835 1505 1875 tanta
1532 1845 1634 1874 non
1660 1844 1806 1874 num-

298 1910 450 1956 quam
474 1912 643 1942 rerum
666 1902 986 1944 manentium
1009 1900 1426 1960 praesumptione
1450 1895 1723 1958 compleor,
1747 1902 1805 1942 ut

297 1966 450 2008 mirer
475 1965 734 2012 interdum
759 1965 845 2011 illa
871 1965 994 2011 mihi
1021 1982 1146 2028 opus
1176 1982 1285 2011 esse
1313 1967 1720 2018 ratiocinatione,
1748 1970 1806 2010 ut

298 2028 424 2077 haec
472 2048 582 2078 esse
635 2034 839 2080 credam
894 2051 1025 2097 quae
1079 2040 1227 2080 tanta
1274 2037 1449 2079 insunt
1494 2034 1805 2094 praesentia,

297 2106 491 2160 quanta
531 2102 624 2147 sibi
667 2105 881 2164 quisque
929 2106 1036 2164 ipse
1086 2102 1143 2147 fit
1189 2117 1447 2163 praesens.
1518 2099 1703 2146 Recole
1746 2106 1805 2145 tu

368 2203 385 2220 ‘²
416 2198 522 2238 This
544 2200 703 2251 phrase
727 2203 760 2240 is
778 2201 989 2241 difficult:
1023 2201 1041 2241 I
1065 2200 1171 2241 take
1188 2199 1425 2240 arbitraris
1447 2204 1584 2238 tecum
1605 2202 1651 2238 to
1673 2211 1803 2238 mean

312 2252 483 2292 “think
513 2255 666 2294 within
696 2256 938 2307 yourself‚'’
961 2270 1018 2295 on
1049 2256 1122 2295 the
1152 2255 1346 2306 analogy
1371 2255 1422 2293 of
1446 2253 1636 2305 eoyitare
1666 2258 1803 2292 tecum

309 2307 395 2351 (for
417 2308 557 2348 which
584 2324 669 2356 see,
692 2324 787 2361 eff„
807 2310 1016 2360 Vulgate,
1040 2311 1153 2350 Gen.
1177 2324 1245 2350 xx.
1273 2313 1337 2357 ll,
1364 2307 1498 2349 Mark
1521 2309 1577 2348 xi.
1595 2310 1665 2354 31,
1683 2307 1802 2357 etc.)‚

309 2362 397 2401 and
412 2364 628 2403 nobiseum
645 2366 769 2415 cupis
784 2379 832 2404 as
850 2367 873 2380 “⁸
885 2366 978 2417 join
995 2380 1064 2404 1116
1082 2367 1124 2404 111
1140 2363 1376 2414 wishing.”
1419 2363 1507 2402 But
1522 2361 1804 2402 Nebridius’s

305 2415 445 2456 desire
475 2422 521 2457 to
542 2418 669 2459 share
692 2420 981 2471 Augustinc‘s
1010 2420 1226 2459 monastic
1253 2418 1328 2458 life
1356 2419 1445 2465 (see
1472 2416 1615 2468 infra)
1646 2415 1802 2456 makes

308 2472 340 2510 it
372 2472 563 2522 possible
595 2474 692 2513 that
723 2475 941 2514 nobiscum
970 2474 1095 2526 cupis
1123 2487 1277 2514 means
1305 2472 1488 2513 “desire
1518 2475 1564 2511 to
1595 2470 1725 2523 enjoy
1757 2472 1802 2510 in

311 2539 387 2577 my
407 2529 680 2580 company.”

371 2584 386 2608 ὸ
417 2582 494 2631 Or,
518 2583 725 2635 perhaps,
748 2583 879 2624 “and
901 2583 974 2624 the
996 2583 1156 2636 phrase
1178 2584 1213 2624 is
1234 2585 1312 2623 not
1332 2578 1713 2634 inappropriate.’'

311 2649 340 2696 6
