1850 2964
193 1431 217 1469 01

197 2359 222 2397 6

727 145 818 192 ST.
856 144 1265 192 AUGUSTINE

240 283 292 325 in
321 281 464 326 nobis
495 295 604 325 esse
633 281 878 341 potuisse,
907 280 1001 322 nisi
1031 275 1158 322 haec
1192 279 1535 339 acciperemus
1570 275 1634 322 ab
1667 273 1751 320 illo

243 352 306 399 de
329 368 428 414 quo
455 351 577 397 dicit
604 349 861 412 apostolus
889 348 1102 395 Iacobus
1128 365 1138 394 ε
1179 347 1325 395 Omne
1349 347 1508 394 datum
1533 346 1753 411 optimum

241 430 283 469 et
326 439 456 469 omne
498 421 667 468 donum
704 419 966 486 perfectum
1009 419 1251 466 desursum
1294 425 1361 465 est
1402 417 1680 465 descendens
1723 435 1753 463 a

236 501 373 558 patre
417 492 656 548 luminum,
699 508 765 538 ne
810 495 1079 554 quisquam
1123 491 1261 538 dicat
1302 492 1497 536 meritis
1541 505 1753 552 operum

243 582 448 612 suorum
492 563 573 610 vel
615 566 810 609 meritis
855 565 1142 609 orationum
1187 579 1392 608 suarum
1434 560 1516 606 vel
1557 563 1753 606 meritis

243 637 361 683 fidei
382 652 503 683 suae
528 636 622 681 sibi
645 635 890 681 traditam
911 635 994 681 dei
1016 636 1254 697 gratiam,
1273 640 1326 679 et
1343 639 1558 695 putetur
1577 648 1753 678 verum

244 725 353 754 esse
377 707 515 770 quod
535 706 605 752 illi
629 706 875 752 haeretici
905 706 1098 761 dicunt,
1121 707 1341 769 gratiam
1369 704 1453 750 dei
1474 703 1754 750 secundum

242 782 427 825 merita
446 785 620 824 nostra
644 778 769 833 dari,
791 777 928 840 quod
947 779 1151 824 omnino
1172 774 1498 822 falsissimum
1518 781 1596 821 est
1616 789 1628 830 ;
1653 791 1754 821 non

244 854 363 914 quia
409 848 605 896 nullum
653 856 731 895 est
776 852 1020 895 meritum
1065 846 1147 893 vel
1191 848 1384 893 bonum
1429 849 1629 909 piorum
1673 844 1755 891 vel

241 921 434 969 malum
460 920 1022 983 impiorum—alioquin
1050 936 1150 982 quo
1176 918 1329 965 modo
1355 918 1602 964 iudicabit
1629 917 1754 964 deus

241 994 491 1041 mundum
515 992 694 1038 ?-——sed
724 991 1070 1038 misericordia
1107 997 1160 1037 et
1189 992 1357 1054 gratia
1386 989 1470 1036 dei
1502 991 1755 1035 convertit

243 1064 520 1119 hominem,
548 1064 612 1110 (16
650 1080 751 1126 qua
783 1062 1006 1126 psalmus
1044 1062 1167 1109 dicit
1192 1078 1202 1108 :
1247 1061 1382 1108 Deus
1408 1077 1552 1116 meus,
1579 1058 1756 1106 miseri-

242 1135 401 1183 cordia
437 1135 535 1182 εἰπε
564 1134 832 1198 praeveniet
867 1151 953 1189 me,
990 1140 1048 1180 ut
1083 1133 1387 1180 iustificetur
1422 1135 1624 1195 impius,
1659 1130 1754 1177 hoc

245 1215 323 1254 est
357 1224 420 1254 ex
453 1210 608 1269 impio
640 1206 730 1253 fiat
755 1210 936 1261 iustus,
968 1212 1021 1251 et
1050 1207 1261 1267 incipiat
1289 1203 1481 1250 habere
1513 1206 1755 1250 meritum

241 1281 451 1334 bonum,
481 1278 619 1342 quod
651 1278 884 1325 dominus
915 1278 1178 1323 coronabit
1213 1276 1417 1340 quando
1447 1275 1756 1322 iudicabitur

243 1351 479 1397 mundus.

310 1422 481 1469 Multa
508 1428 655 1468 erant
685 1437 817 1484 quae
848 1421 988 1467 vobis
1019 1422 1227 1466 mittere
1258 1419 1546 1482 cupiebam,
1573 1418 1756 1481 quibus

243 1493 387 1540 lectis
416 1501 582 1540 totam
609 1496 773 1556 ipsam
806 1509 1012 1539 causam
1042 1508 1175 1555 quae
1209 1490 1428 1538 conciliis
1461 1488 1757 1553 episcopali-

242 1567 336 1612 bus
366 1573 482 1612 acta
510 1572 588 1612 est
617 1564 856 1611 adversus
886 1564 1094 1610 eosdem
1123 1562 1425 1626 Pelagianos
1451 1561 1757 1616 haereticos,

242 1636 537 1701 diligentius
560 1643 613 1682 et
632 1635 830 1698 plenius
851 1652 999 1682 nosse
1019 1638 1253 1698 possetis,
1273 1634 1364 1681 sed
1383 1632 1758 1680 festinaverunt

243 1708 427 1755 fratres
462 1711 548 1771 qui
583 1724 645 1754 ex
679 1723 891 1753 numero
934 1714 1102 1753 vestro
1146 1707 1210 1752 ad
1242 1723 1332 1752 nos
1365 1711 1632 1759 venerant,
1664 1720 1757 1767 per

245 1797 370 1843 quos
419 1781 558 1826 vobis
607 1796 709 1825 non
755 1781 1100 1841 rescripsimus
1148 1781 1264 1833 ista,
1313 1777 1404 1824 sed
1450 1779 1753 1839 scripsimus.

247 1851 421 1897 Nullas
472 1854 607 1897 enim
657 1851 723 1897 ad
769 1866 859 1896 nos
903 1856 1103 1896 vestrae
1152 1851 1379 1895 caritatis
1426 1847 1626 1894 litteras
1670 1848 1757 1895 ad-

242 1923 470 1970 tulerant
491 1938 501 1978 ;
534 1930 712 1969 tamen
732 1924 1044 1983 suscepimus
1066 1938 1169 1976 eos,
1191 1923 1432 1984 quoniam
1458 1918 1754 1982 simplicitas

244 2012 418 2041 eorum
453 1997 575 2040 satis
608 1994 869 2041 indicabat
903 1991 1028 2038 nihil
1060 1991 1169 2038 illos
1203 1992 1348 2038 nobis
1379 1994 1606 2054 potuisse
1639 2007 1757 2037 con-

245 2067 453 2129 fingere.
526 2065 650 2113 Ideo
706 2071 881 2111 autem
930 2062 1323 2119 festinaverunt,
1373 2071 1432 2110 ut
1482 2063 1619 2126 apud
1668 2079 1754 2109 vos

246 2145 462 2202 agerent
499 2136 705 2200 pascha,
746 2153 846 2199 quo
888 2139 1047 2198 possit
1088 2136 1363 2182 adiuvante
1403 2135 1608 2182 domino
1646 2141 1755 2180 tam

246 2216 450 2255 sanctus
506 2209 613 2255 dies
668 2215 891 2255 vestram
945 2223 1126 2270 pacem
1181 2223 1334 2270 quam
1389 2206 1756 2253 dissensionem

246 2283 414 2342 potius
439 2283 681 2327 invenire.

315 2350 501 2397 Melius
525 2359 699 2397 autem
720 2349 936 2406 facietis,
958 2350 1095 2413 quod
1119 2348 1339 2396 multum
1359 2366 1500 2413 rogo,
1526 2351 1566 2395 si
1591 2351 1758 2412 ipsum

366 2516 384 2534 ⁴²
418 2510 571 2551 James
595 2512 620 2551 i.
650 2513 713 2551 17.
1299 2509 1314 2534 ⁶
1348 2508 1418 2550 Ps.
1442 2507 1548 2549 lviii.
1575 2511 1641 2550 11.

250 2592 345 2633 410
