1866 2964
788 167 880 215 ST.
918 164 1327 215 AUGUSTINE

302 305 586 358 morereriS,
610 305 746 365 quia,
771 304 867 347 etsi
888 316 991 346 non
1014 299 1079 346 ad
1100 297 1337 352 salutem,
1359 311 1462 342 non
1484 293 1550 341 ad
1572 290 1815 339 ecclesiae

303 396 502 443 pacem,
545 395 647 425 non
691 377 755 423 ad
798 375 985 423 Christi
1029 376 1248 436 corporis
1291 375 1564 426 unitatem,
1605 385 1709 415 non
1751 366 1817 413 ad

303 461 535 502 sanctam
556 461 610 500 et
634 452 948 499 individuam
974 453 1261 505 caritatem,
1281 449 1373 495 sed
1399 448 1464 495 ad
1487 446 1623 493 mala
1649 444 1818 507 aliqua

305 533 575 595 cogereris,
599 545 694 575 nec
719 532 788 575 sic
811 529 906 575 tibi
930 530 1038 590 ipse
1062 533 1284 573 mortem
1306 524 1495 571 inferre
1520 523 1759 571 debuisti.

256 614 281 652 5
374 605 653 651 Considera
695 606 968 666 scripturas
1007 602 1201 649 divinas
1240 608 1294 647 et
1335 600 1534 647 discute
1568 603 1820 661 quantum

307 688 474 744 potes,
513 688 565 727 et
607 680 723 727 vide
771 687 945 725 utrum
981 677 1076 724 hoc
1112 676 1294 723 fecerit
1331 675 1510 739 aliquis
1548 671 1821 737 aliquando

308 760 558 803 iustorum
605 762 762 818 atque
811 753 1055 809 fidelium,
1102 769 1218 799 cum
1265 752 1329 798 ab
1377 754 1447 798 eis
1494 756 1643 797 tanta
1687 746 1823 794 mala

309 834 538 895 perpessi
583 834 685 877 sint
727 833 814 894 qui
861 846 945 876 eos
989 829 1054 876 ad
1099 835 1368 875 aeternum
1410 829 1679 873 interitum
1720 840 1822 870 non

312 907 377 954 ad
413 910 572 954 vitam
610 913 894 962 aeternam,
924 922 1024 968 quo
1061 912 1119 951 tu
1156 902 1491 966 compelleris,
1525 901 1821 965 adigebant.

310 983 499 1029 Audin
536 982 674 1045 quod
715 982 902 1029 dixeris
943 980 1230 1044 apostolum
1268 978 1483 1026 Paulum
1516 976 1825 1041 significasse

311 1057 406 1105 hoc
430 1058 539 1104 fieri
562 1058 771 1113 debere,
801 1058 888 1103 ubi
920 1059 992 1103 ait
1016 1073 1026 1103 ε
1063 1055 1127 1102 Et
1149 1055 1190 1103 si
1213 1054 1448 1102 tradidero
1470 1070 1638 1118 corpus
1660 1068 1826 1107 meum,

312 1141 361 1181 ut
387 1133 592 1180 ardeam.
664 1133 797 1192 Qma
823 1132 1062 1180 videlicet
1089 1135 1258 1179 omnia
1283 1132 1419 1178 bona
1444 1130 1667 1186 dicebat,
1694 1143 1826 1192 quae

313 1213 422 1257 sine
439 1213 655 1256 caritate
672 1208 796 1255 nihil
812 1215 1043 1271 prosunt,
1061 1211 1190 1255 sicut
1207 1214 1327 1254 sunt
1343 1206 1548 1271 linguae
1563 1205 1829 1253 hominum

315 1293 369 1333 et
396 1285 694 1349 angelorum
723 1292 776 1332 et
803 1287 973 1331 omnia
998 1291 1320 1330 sacramenta
1347 1290 1401 1330 et
1427 1285 1588 1329 omnis
1615 1283 1829 1328 scientia

317 1368 371 1407 et
418 1363 579 1407 omnis
627 1358 899 1423 prophetia
943 1366 996 1406 et
1037 1362 1198 1405 omnis
1248 1358 1373 1405 fides
1413 1361 1488 1404 ita
1527 1364 1586 1404 ut
1626 1363 1829 1403 montes

315 1435 709 1491 transferantur,
744 1442 797 1482 et
829 1452 999 1481 rerum
1033 1451 1238 1481 suarum
1271 1434 1563 1481 distributio
1595 1434 1831 1496 pauperi-

316 1511 428 1567 bus,
448 1511 564 1557 ideo
584 1511 787 1557 videtur
806 1511 901 1556 tibi
922 1513 1079 1556 etiam
1098 1508 1193 1556 hoc
1211 1512 1346 1556 inter
1364 1509 1499 1555 bona
1518 1523 1831 1562 numerasse,

318 1594 376 1633 ut
412 1587 505 1633 sibi
543 1589 758 1650 quisque
793 1584 982 1632 inferat
1018 1592 1253 1632 mortem.
1324 1583 1426 1631 Sed
1462 1583 1687 1630 adtende
1723 1581 1833 1630 dili-

319 1668 504 1725 genter
530 1668 583 1707 et
614 1677 862 1724 cognosce
893 1677 1047 1723 quem
1079 1660 1144 1706 ad
1173 1659 1383 1706 modum
1413 1659 1551 1706 dicat
1583 1661 1833 1721 scriptura

321 1737 458 1800 quod
505 1736 679 1783 tradat
728 1739 942 1799 quisque
984 1752 1132 1782 suum
1172 1752 1352 1798 corpus
1393 1742 1452 1781 ut
1494 1735 1692 1791 ardeat,
1731 1749 1834 1780 non

322 1815 519 1875 utique,
558 1819 615 1858 ut
652 1815 761 1874 ipse
800 1828 853 1857 se
890 1814 943 1857 in
978 1814 1153 1874 ignem
1189 1814 1385 1866 mittat,
1423 1810 1628 1873 quando
1663 1825 1836 1873 perse-

324 1895 572 1951 quentem
591 1891 787 1950 patitur
812 1890 1090 1943 inimicum,
1110 1887 1218 1943 sed,
1239 1887 1443 1950 quando
1465 1889 1511 1933 ei
1535 1889 1837 1950 proponitur

323 1970 381 2009 ut
413 1970 503 2009 aut
534 1962 653 2008 mali
686 1961 878 2025 aliquid
908 1960 1063 2008 faciat
1096 1969 1186 2008 aut
1216 1961 1337 2007 mali
1369 1961 1559 2025 aliquid
1589 1964 1836 2024 patiatur,

325 2038 482 2102 eligat
508 2055 609 2084 non
632 2036 802 2084 facere
827 2037 961 2083 mala
987 2054 1141 2100 quam
1165 2054 1267 2083 non
1289 2040 1399 2100 pati
1423 2036 1556 2083 mala
1582 2044 1740 2100 atque
1764 2039 1838 2083 ita

325 2131 504 2176 corpus
531 2130 678 2160 suum
704 2114 878 2160 tradat
902 2116 954 2159 in
979 2120 1296 2176 potestatem
1321 2111 1682 2169 interfectoris,
1707 2115 1838 2160 sicut

326 2197 430 2236 tres
456 2188 525 2234 illi
552 2192 642 2235 viri
667 2188 901 2235 fecerunt
929 2191 1015 2252 qui
1041 2205 1250 2235 auream
1275 2195 1502 2235 statuam
1521 2189 1838 2252 cogebantur

329 2265 539 2312 adorare
595 2272 665 2320 et,
718 2268 812 2311 nisi
866 2263 1115 2320 facerent,
1162 2265 1456 2310 minabatur
1500 2267 1570 2311 eis
1623 2263 1707 2311 ille
1751 2267 1839 2328 qui

328 2341 565 2404 cogebat,
596 2343 851 2386 caminum
881 2343 1010 2403 ignis
1041 2340 1326 2387 ardentem.
1398 2339 1598 2386 Idolum
1628 2340 1839 2387 adorare

329 2415 621 2471 noluerunt,
655 2432 757 2462 non
789 2418 883 2477 ipsi
917 2432 970 2462 se
1003 2418 1055 2461 in
1088 2418 1262 2479 ignem
1293 2418 1543 2462 miserunt
1577 2422 1631 2462 et
1663 2421 1839 2462 tamen

394 2541 412 2559 ‘²
449 2540 465 2576 1
494 2535 593 2576 Cor.
616 2537 704 2576 xiii.
728 2539 768 2576 3.
857 2535 872 2559 ¹³
909 2539 924 2575 1
954 2534 1046 2576 Cor.
1077 2537 1165 2578 xiii.
1196 2538 1279 2578 1-3.
1354 2539 1368 2558 ⁶
1411 2534 1527 2576 Dan.
1551 2537 1610 2577 iii.
1639 2537 1780 2577 13-21.

339 2607 435 2654 ⁶290
