1866 2964
757 164 848 213 ST.
887 161 1297 212 AUGUSTINE

271 303 428 349 etiam
462 300 525 347 de
559 298 653 346 iliis
687 300 933 361 scriptum
967 304 1046 343 est
1086 296 1224 360 quod
1265 293 1556 342 tradiderunt
1586 308 1783 358 corpora

269 390 373 428 sua,
401 378 450 419 ut
476 387 621 435 neque
648 369 870 417 servirent
901 385 1048 433 neque
1078 367 1327 414 adorarent
1362 366 1508 414 ullum
1542 365 1678 412 deum
1703 362 1786 412 sed

269 444 403 491 deum
450 461 598 490 suum.
669 442 802 488 Ecce
850 458 951 504 quo
996 440 1149 487 modo
1196 439 1326 486 dixit
1373 437 1668 501 apostolus:
1732 434 1785 484 Si

270 515 505 562 tradidero
529 529 696 577 corpus
721 529 886 568 meum,
911 518 961 558 ut
985 511 1190 558 ardeam.

221 596 246 634 6
336 587 487 645 Quod
545 592 720 631 autem
783 586 1031 647 sequitur,
1084 583 1235 630 vide:
1301 581 1353 629 Si
1404 580 1643 629 caritatem
1694 595 1786 626 non

272 658 484 714 habeam,
544 655 663 703 nihil
719 654 832 702 mihi
886 654 1090 719 prodest.
1162 654 1246 701 Ad
1303 657 1456 701 istam
1515 655 1786 700 caritatem

273 733 480 785 vocaris,
517 730 580 774 ab
614 732 712 774 ista
747 730 963 773 caritate
997 729 1163 789 perire
1198 743 1301 773 non
1334 727 1510 772 sineris
1547 731 1600 771 et
1633 730 1785 787 putas

271 804 366 850 tibi
383 800 574 864 aliquid
588 800 848 862 prodesse,
864 801 904 845 si
919 806 972 845 te
988 801 1097 862 ipse
1112 801 1419 861 praecipites
1434 800 1487 843 in
1500 799 1788 851 interitum,

272 891 387 921 cum
424 874 518 920 tibi
554 871 679 917 nihil
713 871 999 933 prodesset,
1037 872 1238 917 etiamsi
1275 868 1405 916 alter
1439 876 1495 915 te
1531 867 1788 916 occideret

273 948 499 992 caritatis
545 947 820 990 inimicum.
893 942 1031 988 Foris
1080 948 1255 988 autem
1302 942 1366 987 ab
1414 940 1626 987 ecclesia
1670 955 1787 985 con-

273 1020 485 1064 stitutus
522 1023 574 1063 et
609 1022 874 1077 separatus
910 1030 939 1059 a
973 1029 1220 1077 compage
1254 1016 1467 1059 unitatis
1503 1019 1556 1059 et
1589 1008 1788 1058 vinculo

274 1091 500 1135 caritatis
556 1094 768 1134 aeterno
822 1084 1067 1148 supplicio
1121 1088 1390 1147 punireris,
1443 1086 1643 1131 etiamsi
1696 1098 1788 1145 pro

275 1159 462 1207 Christi
502 1162 707 1206 nomine
748 1161 888 1204 vivus
931 1157 1290 1204 incendereris.
1380 1156 1492 1203 Hoc
1533 1163 1612 1203 est
1652 1156 1788 1201 enim

275 1232 411 1295 quod
451 1234 523 1278 ait
565 1229 824 1293 apostolus
850 1246 860 1275 t
910 1228 975 1275 Et
1006 1227 1047 1275 si
1079 1227 1314 1275 tradidero
1345 1245 1513 1292 corpus
1544 1243 1711 1282 meum,
1742 1231 1792 1272 ut

275 1303 483 1359 ardeam,
510 1301 748 1348 caritatem
775 1306 925 1347 autem
952 1316 1043 1347 non
1070 1299 1282 1356 habeam,
1308 1299 1427 1347 nihil
1451 1299 1563 1346 mihi
1583 1297 1788 1364 prodest.

275 1375 476 1422 Revoca
511 1390 633 1435 ergo
668 1375 894 1418 animum
929 1372 994 1418 ad
1027 1389 1204 1418 sanam
1237 1372 1700 1419 considerationem
1737 1376 1791 1417 et

276 1448 496 1493 sobriam
539 1447 943 1508 cogitationem3
1003 1443 1229 1490 adtende
1283 1442 1559 1507 diligenter
1617 1451 1791 1490 utrum

277 1519 342 1565 ad
387 1534 609 1564 errorem
656 1523 709 1562 et
753 1518 1079 1577 impietatem
1122 1518 1332 1571 voceris,
1379 1523 1432 1562 et
1475 1523 1656 1578 patere
1699 1532 1792 1579 pro

277 1593 495 1636 veritate
528 1587 785 1652 quaslibet
814 1586 1090 1633 molestias.
1161 1585 1213 1632 Si
1244 1594 1420 1634 autem
1450 1594 1509 1634 tu
1539 1591 1709 1651 potius
1739 1591 1792 1634 in

278 1677 446 1708 errore
499 1667 656 1722 atque
720 1662 772 1705 in
832 1661 1103 1721 impietate
1164 1663 1395 1715 versaris,
1456 1677 1556 1723 quo
1615 1666 1792 1707 autem

277 1736 467 1780 vocar-[s
505 1732 574 1777 ibi
608 1738 686 1777 est
720 1734 907 1777 veritas
941 1738 995 1777 et
1030 1734 1215 1793 pietas,
1248 1734 1367 1794 quia
1396 1733 1467 1778 ibi
1504 1731 1793 1779 Christiana

277 1808 446 1851 unitas
477 1811 530 1849 et
558 1805 721 1849 sancti
749 1805 954 1865 spiritus
983 1805 1185 1858 caritas,
1215 1803 1337 1866 quid
1366 1803 1531 1851 adhuc
1558 1805 1654 1851 tibi
1683 1820 1793 1851 esse

279 1878 472 1922 conaris
498 1878 728 1921 inimicus
754 1875 772 1921 ?

230 1955 253 1993 7
345 1947 469 1994 Ideo
502 1948 763 2010 praestitit
795 1945 1139 1992 misericordia
1172 1946 1272 2003 dei,
1301 1954 1361 1994 ut
1394 1954 1448 1994 et
1476 1965 1566 1995 nos
1601 1955 1654 1995 et
1688 1950 1793 2011 epi-

279 2021 417 2081 scopi
460 2020 614 2064 vestri
657 2024 766 2063 tam
808 2015 1067 2081 frequenti
1110 2034 1484 2082 numerosoque
1534 2027 1791 2067 conventu

281 2088 647 2152 Carthaginem
695 2091 983 2134 veniremus
1040 2095 1197 2152 atque
1247 2092 1383 2136 inter
1431 2107 1520 2138 nos
1570 2091 1634 2138 de
1682 2094 1793 2155 ipsa

343 2219 361 2237 ‘¹
395 2213 511 2254 Dan.
536 2214 594 2253 iii.
618 2215 687 2253 95.
1189 2213 1204 2237 δ
1240 2217 1257 2254 1
1285 2213 1384 2255 Cor.
1406 2216 1495 2256 xiii.
1519 2217 1559 2256 3.

344 2274 358 2292 ⁰
389 2267 484 2308 The
509 2267 781 2308 Conference
807 2267 858 2307 of
878 2267 997 2308 June
1026 2270 1125 2316 411,
1156 2268 1368 2310 attended
1393 2268 1456 2321 by
1479 2272 1563 2310 286
1591 2269 1793 2311 Catholic

285 2322 468 2374 bishops
499 2321 588 2362 and
618 2325 701 2362 279
734 2322 979 2362 Donatists.
1043 2321 1106 2362 Its
1136 2324 1343 2371 minutes‚
1374 2323 1449 2365 the
1482 2324 1611 2365 Gesta
1645 2324 1793 2366 Colla-

286 2378 434 2424 tionis,
456 2391 530 2417 are
556 2375 732 2428 printed
757 2377 801 2416 in
832 2377 996 2424 Mansi,
1018 2377 1091 2424 iv.,
1112 2377 1202 2417 and
1228 2379 1273 2417 in
1298 2377 1373 2418 the
1397 2378 1622 2431 appendix
1646 2384 1692 2420 to
1716 2379 1792 2420 the

287 2431 434 2472 works
477 2432 527 2471 of
567 2431 761 2482 Optatus
799 2430 925 2482 (P.L.
964 2432 1021 2471 xi.
1067 2433 1355 2483 1257-1420);
1407 2433 1515 2486 they
1556 2447 1631 2474 are
1673 2447 1793 2474 sum-

288 2485 481 2526 marized
521 2487 565 2525 in
604 2485 894 2537 Augustine's
931 2485 1195 2526 Breviculus
1237 2485 1515 2537 Collationis,
1553 2487 1791 2541 published

288 2554 398 2581 soon
419 2541 534 2581 after
555 2539 629 2580 the
651 2539 936 2582 Conference.

294 2611 390 2659 292
