1866 2964
225 1184 241 1221 l

751 215 841 262 ST.
880 217 1289 265 AUGUSTINE

267 350 534 391 aeternum
563 344 612 392 in
643 346 874 394 adiutorio
904 348 1138 406 altissimi,
1169 354 1255 414 qui
1286 350 1506 400 habitatis
1535 353 1778 401 unanimes

266 411 313 457 in
352 411 503 468 domo,
541 421 691 476 pater
728 423 998 480 materque
1037 416 1220 465 fratres
1261 419 1476 467 filiorum
1516 429 1569 469 et
1607 426 1777 469 cuncti

266 483 413 526 unius
437 484 596 543 patris
623 482 709 529 filii
733 501 985 531 memores
1010 490 1184 533 nostri.

785 646 878 693 No.
908 652 969 702 29
995 648 1110 712 (Ep.
1141 649 1251 714 CX)

261 752 521 795 DOMINO
611 755 993 798 BEATISSIMO
1082 758 1295 809 ATQUE
1380 760 1778 803 DULCISSIMO

370 819 763 861 VENERABILI
849 821 1240 873 NIMIUMQUE
1325 824 1778 866 DESIDERABILI

376 883 607 926 FRATRI
642 885 719 926 ET
750 885 1232 930 CONSACERDOTI
1267 889 1515 931 SEVERO
1552 890 1630 931 ET
1665 890 1778 940 QUI

373 949 590 991 TECUM
638 950 804 991 SUNT
848 951 1203 994 FRATRIBUS
1248 954 1660 996 AUGUSTINUS
1704 956 1781 996 ET

372 1013 485 1120 {Ul
542 1015 774 1057 MECUM
829 1015 995 1058 SUNT
1050 1018 1332 1060 FRATRES
1392 1019 1460 1060 IN
1520 1019 1781 1061 DOMINO

415 1080 679 1121 ALUTEM

335 1177 571 1239 Epistula
606 1195 740 1234 mea,
778 1196 931 1242 quam
968 1184 1204 1243 pervexit
1240 1184 1524 1228 carissimus
1562 1181 1692 1229 filius
1730 1189 1784 1228 et

271 1246 608 1292 condiaconus
639 1254 812 1293 noster
841 1247 1158 1304 Timotheus,
1187 1252 1289 1295 iam
1317 1257 1500 1312 parata
1529 1257 1641 1297 erat
1669 1266 1783 1312 pro-

273 1311 489 1369 fecturo,
533 1315 737 1377 quando
782 1314 867 1361 filii
910 1319 1070 1363 nostri
1113 1316 1504 1375 Quodvultdeus
1548 1324 1602 1364 et
1645 1317 1781 1364 Gau-

272 1381 476 1428 dentius
525 1382 590 1429 ad
636 1400 726 1429 nos
773 1392 1026 1431 venerunt
1073 1401 1188 1431 cum
1234 1384 1418 1432 litteris
1465 1388 1583 1432 tuis.
1654 1385 1782 1432 Inde

273 1447 467 1495 factum
511 1457 606 1505 est,
653 1458 711 1497 ut
757 1454 997 1498 continuo
1042 1452 1362 1514 proficiscens
1408 1470 1511 1499 non
1557 1451 1784 1500 adferret

273 1521 656 1579 responsionem
676 1536 864 1575 meam,
886 1523 1126 1583 quoniam
1147 1528 1263 1583 post
1283 1520 1482 1568 illorum
1503 1521 1782 1568 adventum

273 1585 801 1650 quantulumcumque
841 1588 977 1650 apud
1015 1605 1104 1635 nos
1142 1591 1424 1635 inmoratus
1463 1596 1542 1636 est
1581 1595 1635 1636 et
1671 1605 1784 1652 pro-

272 1651 498 1700 fecturus
529 1671 620 1716 per
649 1653 796 1701 horas
827 1654 1049 1718 singulas
1079 1657 1365 1704 videbatur.
1435 1655 1538 1704 Sed
1567 1659 1664 1703 etsi
1692 1673 1785 1720 per

274 1736 391 1766 eum
430 1723 823 1784 respondissem,
864 1723 1029 1771 adhuc
1068 1724 1271 1771 debitor
1308 1723 1486 1771 forem.
1557 1723 1690 1771 Nam
1730 1731 1784 1771 et

272 1805 423 1845 nunc,
451 1791 588 1852 quod
608 1791 781 1837 videor
806 1792 1145 1854 respondisse,
1165 1793 1368 1839 debitor
1393 1809 1523 1848 sum,
1544 1809 1646 1839 non
1671 1792 1784 1839 dico

273 1860 518 1913 caritatis,
539 1875 693 1921 quam
719 1866 867 1906 tanto
892 1862 1054 1923 magis
1075 1860 1322 1907 debemus
1349 1867 1542 1924 quanto
1569 1859 1784 1923 amplius

271 1926 672 1987 inpenderimus,
696 1930 836 1974 cuius
860 1944 949 1974 nos
972 1935 1250 1991 perpetuos
1274 1928 1532 1975 debitores
1556 1928 1785 1975 ostendit

271 1993 528 2055 apostolus
572 1995 780 2041 dicens:
835 1994 1026 2042 Nemini
1068 1995 1316 2061 quicquam
1353 1995 1573 2052 debeatis,
1609 1994 1702 2042 nisi
1737 2002 1787 2042 ut

335 2119 352 2137 ‘¹
388 2114 457 2155 Ps.
480 2128 546 2155 xc.
575 2118 591 2155 1
617 2115 751 2166 (after
770 2116 845 2156 the
866 2115 1168 2169 Septuagint).

335 2170 350 2194 ὸ
386 2169 454 2209 Ps.
479 2169 595 2209 lxvii.
620 2173 643 2210 7
666 2170 800 2221 (after
820 2170 895 2210 the
916 2170 1217 2224 Septuagint).

333 2229 347 2247 ⁶
381 2224 463 2263 See
484 2225 553 2264 for
575 2223 763 2265 Severus
785 2238 829 2276 p.
858 2227 935 2265 108
959 2230 1061 2266 note
1084 2226 1121 2266 b.

333 2278 351 2301 ‘¹
386 2278 611 2330 Probably
653 2279 728 2319 the
770 2278 983 2331 Timothy
1024 2279 1163 2320 about
1205 2280 1352 2320 whom
1395 2279 1651 2331 Augustine
1692 2278 1781 2319 had

276 2330 459 2384 already
501 2335 674 2373 written
717 2337 763 2373 to
802 2333 991 2374 Severus
1034 2336 1078 2374 in
1123 2333 1240 2386 Epp.
1281 2334 1370 2375 lxii.
1411 2332 1503 2374 and
1545 2333 1651 2374 lxiii.
1730 2334 1782 2374 In

276 2386 360 2438 Ep.
400 2387 556 2428 cclxiii.
592 2388 847 2439 Augustine
883 2390 1028 2429 writes
1065 2402 1093 2428 a
1129 2387 1412 2440 consolatory
1448 2387 1576 2428 letter
1611 2401 1671 2428 on
1707 2388 1784 2429 the

276 2440 409 2481 death
433 2442 483 2481 of
499 2455 525 2481 a
547 2441 717 2482 deacon
739 2441 966 2495 Timothy,
988 2443 1088 2483 who
1111 2457 1216 2495 may
1237 2442 1293 2484 be
1313 2443 1389 2483 the
1409 2455 1546 2483 same.
1797 2497 1800 2499 ‚

337 2502 351 2520 ε
383 2495 525 2536 These
556 2501 644 2537 two
677 2510 830 2537 names
860 2511 935 2537 are
963 2510 1172 2538 common
1205 2499 1250 2538 in
1275 2498 1431 2537 Africa
1461 2500 1510 2537 at
1539 2495 1628 2537 this
1659 2497 1782 2544 time,

276 2549 365 2589 and
407 2550 481 2591 the
522 2550 791 2591 individuals
831 2556 996 2593 cannot
1036 2552 1091 2592 be
1132 2550 1359 2592 identified
1399 2550 1505 2592 with
1545 2551 1780 2603 certainty.

279 2603 479 2645 I'eculiar
499 2609 544 2645 to
566 2606 721 2646 Africa
741 2618 883 2647 seems
904 2611 949 2648 to
971 2606 1084 2648 have
1105 2605 1218 2648 been
1238 2606 1314 2648 the
1335 2605 1476 2654 habit,
1497 2604 1596 2646 best
1615 2603 1782 2646 known

287 2665 374 2713 198
