1866 2964
769 198 859 247 ST.
899 198 1306 247 AUGUSTINE
1336 207 1339 208 ’

281 336 428 381 testis
455 340 547 380 est..
616 332 812 379 Tamen
837 339 891 379 et
915 332 978 379 de
1001 332 1086 378 illo
1111 332 1259 378 aliter
1281 331 1550 378 sentiendo
1573 330 1790 394 populus

283 419 352 467 et,
381 412 518 474 quod
544 418 622 457 est
647 414 867 475 gravius,
894 410 1256 473 Hipponiensis
1281 413 1333 455 in
1357 417 1529 456 tantas
1557 416 1635 455 est
1659 409 1789 455 illius

281 493 647 552 praecipitatus
682 492 890 535 iniurias
928 495 982 535 et
1017 489 1081 535 de
1117 489 1261 534 nobis
1297 505 1383 534 vos
1419 490 1581 534 sancti
1617 487 1700 534 dei
1728 492 1791 545 ret

279 568 417 631 pleni
445 568 718 614 visceribus
747 567 1121 614 misericordiae
1149 567 1272 613 talia
1301 566 1556 613 credendo
1584 568 1788 612 nomine

281 646 510 693 eiusdem
537 646 729 709 populi,
757 648 844 708 qui
873 645 938 692 ad
964 662 1169 691 causam
1197 644 1405 691 huiusce
1433 644 1571 691 modi
1598 644 1790 706 cupidi-

280 728 402 771 tatis
444 727 649 770 omnino
689 741 791 770 non
831 727 1076 787 pertinet,
1117 740 1206 769 nos
1247 730 1462 787 tangere
1505 729 1661 785 atque
1703 721 1790 768 ad-

279 819 488 849 mouere
525 802 752 849 voluistis
790 806 969 864 utique
1014 801 1079 848 ad
1114 818 1204 848 nos
1241 801 1583 865 corrigendos,
1619 816 1788 863 neque

280 885 416 928 enim
444 881 578 937 odio,
607 881 743 944 quod
772 881 905 926 absit
933 897 961 926 a
989 881 1144 926 vobis.
1217 879 1369 926 Unde
1397 896 1500 925 non
1525 881 1672 925 irasci
1698 878 1789 925 sed

278 962 469 1024 gratias
525 975 677 1023 agere
733 959 916 1014 debeo,
970 958 1107 1021 quod
1159 975 1254 1005 nec
1307 957 1641 1004 verecundius
1693 973 1788 1003 nec

276 1037 484 1084 liberius
545 1053 698 1101 agere
756 1040 1014 1099 potuistis,
1072 1043 1131 1083 ut
1191 1039 1426 1099 episcopo
1485 1053 1587 1083 non
1645 1037 1789 1098 quasi

278 1119 557 1162 conviciose
585 1116 853 1162 obiceretis
881 1115 1018 1178 quod
1042 1115 1363 1170 sentiebatis,
1383 1114 1474 1161 sed
1500 1130 1563 1161 ex
1583 1114 1788 1177 obliquo

276 1194 684 1257 intellegendum
707 1193 1079 1256 relinqueretis.

202 1282 252 1321 10
342 1272 449 1318 Nec
497 1272 770 1319 molestum
824 1275 889 1318 sit
934 1273 1074 1318 vobis
1120 1279 1178 1318 ut
1222 1288 1309 1318 vos
1362 1271 1503 1318 velut
1550 1277 1787 1335 gravatos

278 1351 612 1406 arbitremini,
662 1353 781 1413 quia
830 1351 1100 1397 iurandum
1150 1353 1343 1412 putavi.
1419 1349 1600 1413 Neque
1651 1352 1787 1395 enim

278 1430 528 1493 gravabat
564 1428 822 1491 apostolus
858 1436 947 1475 aut
985 1445 1069 1475 eos
1101 1445 1282 1491 parum
1319 1428 1568 1492 diligebat
1604 1428 1787 1491 quibus

277 1508 482 1554 dicebat
508 1524 518 1553 :
569 1506 679 1553 Non
710 1507 757 1553 in
788 1523 995 1553 sermone
1025 1506 1310 1553 adulationis
1325 1505 1521 1570 fuimus
1551 1505 1679 1570 apud
1707 1522 1788 1552 vos

276 1603 423 1650 neq-ue
468 1585 515 1631 in
562 1585 802 1632 occasione
846 1585 1114 1649 cupiditatis
1130 1604 1151 1638 ,·
1211 1584 1325 1631 deus
1370 1584 1497 1631 testis
1542 1591 1622 1631 est.
1693 1584 1786 1630 Rei

279 1668 468 1728 quippe
522 1671 732 1727 apertae
784 1667 917 1726 ipsos
970 1671 1131 1710 testes
1185 1663 1435 1719 adhibuit,
1486 1666 1559 1709 rei
1611 1669 1786 1709 autem

278 1742 506 1789 occultae
544 1759 697 1805 quem
733 1745 827 1788 nisi
863 1742 1058 1789 deum?
1128 1741 1179 1788 Si
1215 1759 1336 1806 ergo
1370 1741 1453 1788 ille
1488 1744 1672 1788 merito
1709 1748 1788 1788 est

278 1824 468 1867 veritus
509 1837 572 1866 ne
615 1820 839 1866 humana
878 1823 1167 1884 ignorantia
1207 1820 1271 1867 de
1319 1819 1402 1866 illo
1443 1819 1635 1882 aliquid
1680 1819 1785 1866 tale

278 1902 511 1954 sentiret,
541 1902 680 1945 cuius
709 1899 852 1945 labor
879 1901 931 1944 in
959 1905 1200 1961 promptu
1229 1899 1462 1944 omnibus
1492 1905 1620 1953 erat,
1649 1898 1786 1960 quod

277 1980 371 2022 nisi
420 1993 618 2023 summa
666 1980 974 2023 necessitate
1024 1993 1054 2022 a
1109 1976 1306 2039 populis
1356 1977 1538 2039 quibus
1598 1975 1785 2022 Christi

277 2058 496 2118 gratiam
526 2055 874 2117 dispensabat,
902 2057 953 2100 in
981 2071 1099 2100 usus
1129 2070 1243 2100 suos
1273 2054 1464 2117 aliquid
1491 2071 1592 2100 non
1619 2070 1786 2100 sume-

277 2133 385 2188 bat,
421 2140 593 2179 cetera
629 2150 746 2179 vero
783 2149 872 2179 suo
907 2136 1062 2179 victui
1097 2135 1381 2179 necessaria
1415 2135 1516 2178 suis
1550 2132 1783 2178 manibus

276 2211 595 2274 transigebat
616 2227 627 2266 ;
665 2218 858 2273 quanto
883 2214 1045 2274 magis
1071 2211 1214 2257 nobis
1244 2210 1577 2257 laborandum
1604 2217 1700 2266 est,
1725 2217 1784 2256 ut

277 2289 532 2344 credatur,
567 2292 653 2351 qui
689 2297 741 2335 et
776 2293 959 2335 merito
994 2292 1280 2336 sanctitatis
1317 2296 1370 2335 et
1404 2291 1593 2335 virtute
1629 2291 1782 2334 animi

276 2367 426 2430 longe
448 2370 649 2429 inpares
671 2384 842 2413 sumus
865 2384 958 2413 nec
981 2367 1171 2430 aliquid
1192 2366 1257 2413 ad
1277 2366 1625 2413 sustentacula
1645 2369 1781 2412 vitae

277 2444 424 2490 huius
454 2448 651 2507 operari
679 2449 861 2492 nostris
889 2446 1122 2491 manibus
1151 2461 1434 2508 possumus,
1464 2451 1517 2490 et
1545 2447 1585 2490 si
1612 2461 1783 2507 posse-

843 2572 860 2590 α
898 2570 912 2605 1
940 2565 1092 2606 Thess.
1116 2567 1159 2606 ii.
1182 2568 1222 2605 5.

286 2637 382 2677 242
