1866 2964
773 153 863 201 ST.
903 153 1311 201 AUGUSTINE

287 287 480 343 audito,
512 287 575 334 ad
601 286 846 349 populum
871 285 1276 334 tumultuantem
1309 289 1528 349 perrexi,
1555 284 1796 349 factoque

288 364 507 421 silentio,
529 366 651 428 quid
666 369 970 428 promissum
988 372 1141 421 esset,
1157 382 1273 411 cum
1289 368 1619 428 promissione
1641 367 1799 411 etiam

286 447 550 490 iurationis
586 447 776 506 aperui.
848 443 927 490 Illi
960 461 1098 500 vero,
1133 447 1218 507 qui
1253 443 1415 490 solum
1450 447 1556 491 eius
1589 442 1800 506 presby-

288 526 476 568 terium
529 524 829 586 cogitabant
883 530 1040 586 atque
1100 523 1396 585 cupiebant,
1449 539 1552 569 non
1609 525 1684 568 ita
1741 526 1800 567 ut

289 602 555 663 putabam,
579 601 717 664 quod
739 601 969 648 oblatum
992 600 1180 657 fuerat,
1204 608 1531 664 acceperunt,
1554 600 1646 647 sed
1666 602 1802 646 inter

291 696 345 725 se
367 679 741 742 aliquantulum
760 683 1091 726 mussitantes
1117 683 1414 742 petiverunt
1440 686 1498 726 ut
1524 679 1802 726 adderetur

292 758 460 804 eidem
491 762 809 821 promissioni
841 766 998 822 atque
1028 761 1285 814 iurationi,
1317 765 1392 814 ut,
1425 761 1465 804 si
1497 757 1702 821 quando
1731 754 1802 802 illi

292 837 357 883 ad
404 838 782 899 suscipiendum
831 836 1126 884 clericatum
1175 839 1462 883 consentire
1510 835 1804 899 placuisset,

292 932 393 961 non
438 918 533 961 nisi
577 918 629 961 in
673 919 783 978 ipsa
829 916 1168 978 Hipponiensi
1214 914 1427 961 ecclesia
1472 916 1802 961 consentiret.

291 993 486 1040 Rettuli
525 994 589 1041 ad
625 1010 777 1049 eum3
830 997 938 1040 sine
973 994 1297 1041 dubitatione
1333 993 1528 1040 adnuit.
1599 991 1805 1039 Renun-

291 1075 415 1119 tiavi
441 1071 535 1119 illis
561 1088 571 1128 3
616 1072 798 1119 laetati
824 1080 943 1120 sunt
971 1080 1024 1119 et
1049 1089 1168 1119 mox
1194 1075 1501 1119 iurationem
1525 1070 1805 1134 pollicitam

292 1159 651 1213 poposcerunt.

240 1236 268 1274 4
357 1229 563 1276 Reverti
599 1230 663 1277 ad
707 1230 864 1276 filium
899 1237 1129 1276 nostrum
1165 1246 1385 1293 eumque
1419 1231 1590 1275 inveni
1623 1226 1805 1274 fluctu-

291 1316 467 1355 antem
521 1310 826 1372 quibusnam
880 1309 1044 1355 verbis
1090 1307 1455 1370 comprehendi
1500 1313 1675 1370 posset
1719 1304 1807 1352 illa

293 1404 407 1433 cum
459 1391 711 1434 iuratione
763 1390 1028 1450 promissio
1079 1394 1292 1450 propter
1343 1389 1680 1433 necessitates
1731 1387 1806 1430 in-

292 1473 520 1521 ruentes,
558 1483 690 1529 quae
730 1473 940 1529 possent
983 1483 1101 1512 eum
1149 1473 1206 1512 ut
1246 1465 1566 1520 abscederet,
1603 1479 1803 1527 cogere.

293 1543 452 1590 Simul
486 1547 642 1591 etiam
674 1545 796 1608 quid
832 1548 1043 1591 timeret
1068 1543 1313 1600 ostendit,
1339 1560 1404 1590 ne
1431 1545 1542 1606 quis
1568 1544 1808 1589 inruisset

292 1622 486 1669 hostilis
543 1627 788 1679 incursus,
846 1627 932 1687 qui
991 1630 1128 1670 esset
1185 1623 1492 1670 discessione
1549 1620 1804 1668 vitandus.

293 1701 514 1748 Volebat
540 1702 658 1748 addi
683 1709 860 1749 sancta
894 1701 1122 1748 Melania
1148 1708 1202 1748 et
1232 1704 1360 1747 aeris
1386 1700 1604 1747 morbidi
1633 1714 1807 1746 causa-

303 1783 512 1836 tionem,
546 1780 637 1827 sed
669 1780 799 1827 illius
825 1783 1153 1843 responsione
1186 1778 1498 1842 reprehensa
1532 1785 1626 1825 est.
1695 1776 1808 1840 Ego

297 1866 471 1906 autem
516 1859 620 1905 dixi
662 1876 872 1923 gravem
915 1860 979 1905 ab
1017 1858 1102 1905 illo
1139 1866 1193 1905 et
1234 1875 1336 1905 non
1378 1855 1809 1904 contemnendam

297 1954 501 1984 causam
560 1941 879 1984 necessitatis
938 1941 1213 2001 ingestam,
1264 1953 1397 2000 quae
1456 1939 1589 1982 cives
1651 1937 1807 1981 etiam

299 2019 547 2080 emigrare
569 2016 930 2079 compelleret;
967 2017 1058 2063 sed
1077 2019 1117 2062 si
1142 2015 1269 2061 haec
1288 2014 1476 2078 populo
1501 2014 1810 2067 dicerentur,

299 2095 586 2141 timendum
625 2111 735 2141 esse
772 2112 837 2141 ne
879 2094 1012 2141 male
1050 2111 1139 2140 nos
1178 2096 1389 2140 ominari
1426 2092 1732 2147 videremur,
1770 2093 1810 2137 si

301 2180 475 2219 autem
518 2173 612 2220 sub
654 2173 881 2237 generali
930 2175 1249 2219 necessitatis
1292 2174 1497 2218 nomine
1540 2170 1688 2217 fieret
1725 2185 1811 2216 ex-

301 2255 512 2307 cusatio,
547 2269 648 2298 non
682 2255 775 2299 nisi
809 2251 1191 2299 fraudulentam
1225 2253 1589 2297 necessitatem
1621 2250 1807 2311 putari.

303 2329 500 2376 Placuit
543 2338 720 2377 tamen
764 2337 823 2377 ut
867 2331 931 2378 de
979 2329 1073 2376 hac
1122 2346 1178 2376 re
1228 2328 1402 2391 populi
1453 2330 1679 2374 animum
1725 2342 1811 2372 ex-

300 2411 599 2470 periremur,
627 2416 680 2456 et
705 2407 829 2455 nihil
855 2408 991 2456 aliud
1017 2425 1171 2472 quam
1197 2407 1248 2454 id
1274 2406 1408 2471 quod
1430 2412 1812 2469 putaveramus,

300 2489 600 2533 invenimus.
675 2487 806 2533 Nam
849 2504 963 2534 cum
1005 2490 1111 2534 eius
1155 2486 1309 2532 verba
1347 2502 1376 2532 a
1417 2485 1630 2532 diacono
1675 2483 1812 2531 dicta

309 2602 404 2645 230
