<?xml version="1.0" encoding="UTF-8"?>
<!DOCTYPE html PUBLIC "-//W3C//DTD XHTML 1.0 Transitional//EN"
    "http://www.w3.org/TR/xhtml1/DTD/xhtml1-transitional.dtd">
<html xmlns="http://www.w3.org/1999/xhtml" xml:lang="en" lang="en">
 <head>
  <title>
</title>
<meta http-equiv="Content-Type" content="text/html;charset=utf-8" />
  <meta name='ocr-system' content='tesseract 3.04.00' />
  <meta name='ocr-capabilities' content='ocr_page ocr_carea ocr_par ocr_line ocrx_word'/>
</head>
<body>
  <div class='ocr_page' id='page_1' title='image "./selectletters00auguuoft_0514.png"; bbox 0 0 1850 2964; ppageno 0'>
   <div class='ocr_carea' id='block_1_1' title="bbox 782 137 1321 186">
    <p class='ocr_par' dir='ltr' id='par_1_1' title="bbox 782 137 1321 186">
     <span class='ocr_line' id='line_1_1' title="bbox 782 137 1321 186; baseline -0.002 -1"><span class='ocrx_word' id='word_1_1' title='bbox 782 138 873 186; x_wconf 87' lang='lat' dir='ltr'>ST.</span> <span class='ocrx_word' id='word_1_2' title='bbox 912 137 1321 186; x_wconf 89' lang='lat' dir='ltr'><strong>AUGUSTINE</strong></span> 
     </span>
    </p>
   </div>
   <div class='ocr_carea' id='block_1_2' title="bbox 292 267 1810 608">
    <p class='ocr_par' dir='ltr' id='par_1_2' title="bbox 292 267 1810 608">
     <span class='ocr_line' id='line_1_2' title="bbox 295 267 1804 336; baseline -0.003 -17"><span class='ocrx_word' id='word_1_3' title='bbox 295 289 427 336; x_wconf 90' lang='lat' dir='ltr'>quae</span> <span class='ocrx_word' id='word_1_4' title='bbox 456 271 752 319; x_wconf 71' lang='lat' dir='ltr'>laudatione</span> <span class='ocrx_word' id='word_1_5' title='bbox 783 271 939 334; x_wconf 84' lang='lat' dir='ltr'>digna</span> <span class='ocrx_word' id='word_1_6' title='bbox 969 277 1106 326; x_wconf 89' lang='lat' dir='ltr'>sunt,</span> <span class='ocrx_word' id='word_1_7' title='bbox 1136 287 1238 316; x_wconf 91' lang='lat' dir='ltr'>non</span> <span class='ocrx_word' id='word_1_8' title='bbox 1268 275 1518 333; x_wconf 86' lang='lat' dir='ltr'>putantur</span> <span class='ocrx_word' id='word_1_9' title='bbox 1547 267 1804 324; x_wconf 89' lang='lat' dir='ltr'>habenda,</span> 
     </span>
     <span class='ocr_line' id='line_1_3' title="bbox 293 336 1806 400; baseline -0.003 -13"><span class='ocrx_word' id='word_1_10' title='bbox 293 344 390 387; x_wconf 89' lang='lat' dir='ltr'>nisi</span> <span class='ocrx_word' id='word_1_11' title='bbox 425 340 664 387; x_wconf 75' lang='lat' dir='ltr'>laudetur</span> <span class='ocrx_word' id='word_1_12' title='bbox 713 340 776 386; x_wconf 91' lang='lat' dir='ltr'>ab</span> <span class='ocrx_word' id='word_1_13' title='bbox 823 338 1112 385; x_wconf 87' lang='lat' dir='ltr'>hominibus</span> <span class='ocrx_word' id='word_1_14' title='bbox 1159 337 1329 394; x_wconf 89' lang='lat' dir='ltr'>homo,</span> <span class='ocrx_word' id='word_1_15' title='bbox 1370 336 1452 384; x_wconf 89' lang='lat' dir='ltr'>vel</span> <span class='ocrx_word' id='word_1_16' title='bbox 1499 353 1561 384; x_wconf 89' lang='lat' dir='ltr'>ea</span> <span class='ocrx_word' id='word_1_17' title='bbox 1601 352 1806 400; x_wconf 88' lang='lat' dir='ltr'>quoque</span> 
     </span>
     <span class='ocr_line' id='line_1_4' title="bbox 295 406 1810 470; baseline -0.003 -15"><span class='ocrx_word' id='word_1_18' title='bbox 295 408 404 456; x_wconf 87' lang='lat' dir='ltr'>vult</span> <span class='ocrx_word' id='word_1_19' title='bbox 427 411 480 454; x_wconf 93' lang='lat' dir='ltr'>in</span> <span class='ocrx_word' id='word_1_20' title='bbox 503 424 556 455; x_wconf 84' lang='lat' dir='ltr'>se</span> <span class='ocrx_word' id='word_1_21' title='bbox 592 407 814 454; x_wconf 76' lang='lat' dir='ltr'>multum</span> <span class='ocrx_word' id='word_1_22' title='bbox 850 410 1065 470; x_wconf 87' lang='lat' dir='ltr'>quisque</span> <span class='ocrx_word' id='word_1_23' title='bbox 1101 406 1314 462; x_wconf 82' lang='lat' dir='ltr'>laudari,</span> <span class='ocrx_word' id='word_1_24' title='bbox 1338 421 1470 469; x_wconf 91' lang='lat' dir='ltr'>quae</span> <span class='ocrx_word' id='word_1_25' title='bbox 1507 411 1598 452; x_wconf 79' lang='lat' dir='ltr'>aut</span> <span class='ocrx_word' id='word_1_26' title='bbox 1621 407 1810 469; x_wconf 83' lang='lat' dir='ltr'>exigua</span> 
     </span>
     <span class='ocr_line' id='line_1_5' title="bbox 292 472 1808 539; baseline -0.002 -17"><span class='ocrx_word' id='word_1_27' title='bbox 292 477 445 524; x_wconf 91' lang='lat' dir='ltr'>laude</span> <span class='ocrx_word' id='word_1_28' title='bbox 472 484 562 523; x_wconf 81' lang='lat' dir='ltr'>aut</span> <span class='ocrx_word' id='word_1_29' title='bbox 583 479 745 523; x_wconf 74' lang='lat' dir='ltr'>etiam</span> <span class='ocrx_word' id='word_1_30' title='bbox 778 478 1155 538; x_wconf 82' lang='lat' dir='ltr'>vituperatione</span> <span class='ocrx_word' id='word_1_31' title='bbox 1181 475 1413 539; x_wconf 74' lang='lat' dir='ltr'>digniora</span> <span class='ocrx_word' id='word_1_32' title='bbox 1448 480 1583 520; x_wconf 86' lang='lat' dir='ltr'>sunt.</span> <span class='ocrx_word' id='word_1_33' title='bbox 1654 472 1808 520; x_wconf 88' lang='lat' dir='ltr'><strong>Unde</strong></span> 
     </span>
     <span class='ocr_line' id='line_1_6' title="bbox 296 543 1693 608; baseline -0.003 -16"><span class='ocrx_word' id='word_1_34' title='bbox 296 545 540 592; x_wconf 75' lang='lat' dir='ltr'>Horatius</span> <span class='ocrx_word' id='word_1_35' title='bbox 566 545 731 591; x_wconf 87' lang='lat' dir='ltr'>Ennio</span> <span class='ocrx_word' id='word_1_36' title='bbox 756 543 1045 608; x_wconf 78' lang='lat' dir='ltr'>vigilantior</span> <span class='ocrx_word' id='word_1_37' title='bbox 1070 546 1142 590; x_wconf 87' lang='lat' dir='ltr'>ait</span> <span class='ocrx_word' id='word_1_38' title='bbox 1166 559 1176 589; x_wconf 91' lang='lat'>:</span> <span class='ocrx_word' id='word_1_39' title='bbox 1690 554 1693 556; x_wconf 73' lang='grc'><strong><em>’</em></strong></span> 
     </span>
    </p>
   </div>
   <div class='ocr_carea' id='block_1_3' title="bbox 425 623 1630 733">
    <p class='ocr_par' dir='ltr' id='par_1_3' title="bbox 425 623 1630 733">
     <span class='ocr_line' id='line_1_7' title="bbox 425 623 1630 677; baseline -0.002 -10"><span class='ocrx_word' id='word_1_40' title='bbox 425 626 571 667; x_wconf 86' lang='lat' dir='ltr'>laudis</span> <span class='ocrx_word' id='word_1_41' title='bbox 592 639 744 666; x_wconf 90' lang='lat' dir='ltr'>amore</span> <span class='ocrx_word' id='word_1_42' title='bbox 761 629 938 665; x_wconf 81' lang='lat' dir='ltr'>tumes?</span> <span class='ocrx_word' id='word_1_43' title='bbox 969 628 1074 665; x_wconf 91' lang='lat' dir='ltr'>sunt</span> <span class='ocrx_word' id='word_1_44' title='bbox 1093 628 1216 665; x_wconf 87' lang='lat' dir='ltr'>certa</span> <span class='ocrx_word' id='word_1_45' title='bbox 1236 623 1429 676; x_wconf 87' lang='lat' dir='ltr'>piacula,</span> <span class='ocrx_word' id='word_1_46' title='bbox 1451 637 1567 677; x_wconf 88' lang='lat' dir='ltr'>quae</span> <span class='ocrx_word' id='word_1_47' title='bbox 1585 626 1630 665; x_wconf 84' lang='lat' dir='ltr'>te</span> 
     </span>
     <span class='ocr_line' id='line_1_8' title="bbox 427 679 1391 733; baseline -0.002 -12"><span class='ocrx_word' id='word_1_48' title='bbox 427 686 493 722; x_wconf 86' lang='lat' dir='ltr'>ter</span> <span class='ocrx_word' id='word_1_49' title='bbox 514 694 624 733; x_wconf 89' lang='lat' dir='ltr'>pure</span> <span class='ocrx_word' id='word_1_50' title='bbox 644 681 758 721; x_wconf 90' lang='lat' dir='ltr'>lecto</span> <span class='ocrx_word' id='word_1_51' title='bbox 780 684 990 732; x_wconf 86' lang='lat' dir='ltr'>poterunt</span> <span class='ocrx_word' id='word_1_52' title='bbox 1010 693 1207 720; x_wconf 88' lang='lat' dir='ltr'>recreare</span> <span class='ocrx_word' id='word_1_53' title='bbox 1228 679 1391 720; x_wconf 88' lang='lat' dir='ltr'>libello.</span> 
     </span>
    </p>
   </div>
   <div class='ocr_carea' id='block_1_4' title="bbox 230 746 1814 2178">
    <p class='ocr_par' dir='ltr' id='par_1_4' title="bbox 249 746 1814 1906">
     <span class='ocr_line' id='line_1_9' title="bbox 249 746 1808 797; baseline -0.003 0"><span class='ocrx_word' id='word_1_54' title='bbox 249 759 272 797; x_wconf 76' lang='lat'>4</span> <span class='ocrx_word' id='word_1_55' title='bbox 361 751 444 797; x_wconf 85' lang='lat' dir='ltr'>Ita</span> <span class='ocrx_word' id='word_1_56' title='bbox 494 757 751 796; x_wconf 86' lang='lat' dir='ltr'>tumorem</span> <span class='ocrx_word' id='word_1_57' title='bbox 803 750 867 796; x_wconf 91' lang='lat' dir='ltr'>de</span> <span class='ocrx_word' id='word_1_58' title='bbox 920 765 1091 795; x_wconf 89' lang='lat' dir='ltr'>amore</span> <span class='ocrx_word' id='word_1_59' title='bbox 1142 748 1306 795; x_wconf 85' lang='lat' dir='ltr'>laudis</span> <span class='ocrx_word' id='word_1_60' title='bbox 1357 747 1614 794; x_wconf 85' lang='lat' dir='ltr'>humanae</span> <span class='ocrx_word' id='word_1_61' title='bbox 1665 746 1808 794; x_wconf 87' lang='lat' dir='ltr'>velut</span> 
     </span>
     <span class='ocr_line' id='line_1_10' title="bbox 296 816 1809 882; baseline -0.002 -17"><span class='ocrx_word' id='word_1_62' title='bbox 296 822 547 882; x_wconf 81' lang='lat' dir='ltr'>serpentis</span> <span class='ocrx_word' id='word_1_63' title='bbox 593 835 817 865; x_wconf 81' lang='lat' dir='ltr'>morsum</span> <span class='ocrx_word' id='word_1_64' title='bbox 871 816 1257 864; x_wconf 83' lang='lat' dir='ltr'>medicinalibus</span> <span class='ocrx_word' id='word_1_65' title='bbox 1310 817 1476 863; x_wconf 84' lang='lat' dir='ltr'>verbis</span> <span class='ocrx_word' id='word_1_66' title='bbox 1530 818 1675 880; x_wconf 90' lang='lat' dir='ltr'>quasi</span> <span class='ocrx_word' id='word_1_67' title='bbox 1722 831 1809 862; x_wconf 87' lang='lat' dir='ltr'>ex-</span> 
     </span>
     <span class='ocr_line' id='line_1_11' title="bbox 297 886 1809 949; baseline -0.002 -16"><span class='ocrx_word' id='word_1_68' title='bbox 297 888 610 934; x_wconf 82' lang='lat' dir='ltr'>cantandum</span> <span class='ocrx_word' id='word_1_69' title='bbox 640 889 858 949; x_wconf 81' lang='lat' dir='ltr'>putavit.</span> <span class='ocrx_word' id='word_1_70' title='bbox 929 886 1119 932; x_wconf 83' lang='lat' dir='ltr'>Docuit</span> <span class='ocrx_word' id='word_1_71' title='bbox 1153 888 1331 949; x_wconf 88' lang='lat' dir='ltr'>itaque</span> <span class='ocrx_word' id='word_1_72' title='bbox 1363 901 1454 931; x_wconf 90' lang='lat' dir='ltr'>nos</span> <span class='ocrx_word' id='word_1_73' title='bbox 1484 900 1577 947; x_wconf 91' lang='lat' dir='ltr'>per</span> <span class='ocrx_word' id='word_1_74' title='bbox 1608 891 1809 947; x_wconf 86' lang='lat' dir='ltr'>aposto-</span> 
     </span>
     <span class='ocr_line' id='line_1_12' title="bbox 295 955 1808 1018; baseline -0.002 -17"><span class='ocrx_word' id='word_1_75' title='bbox 295 955 402 1001; x_wconf 83' lang='lat' dir='ltr'>lum</span> <span class='ocrx_word' id='word_1_76' title='bbox 427 972 574 1001; x_wconf 82' lang='lat' dir='ltr'>suum</span> <span class='ocrx_word' id='word_1_77' title='bbox 598 958 845 1018; x_wconf 75' lang='lat' dir='ltr'>magister</span> <span class='ocrx_word' id='word_1_78' title='bbox 869 955 1031 1000; x_wconf 85' lang='lat' dir='ltr'>bonus</span> <span class='ocrx_word' id='word_1_79' title='bbox 1057 970 1226 1016; x_wconf 90' lang='lat' dir='ltr'>neque</span> <span class='ocrx_word' id='word_1_80' title='bbox 1251 960 1527 1016; x_wconf 87' lang='lat' dir='ltr'>propterea</span> <span class='ocrx_word' id='word_1_81' title='bbox 1550 969 1642 999; x_wconf 92' lang='lat' dir='ltr'>nos</span> <span class='ocrx_word' id='word_1_82' title='bbox 1665 958 1808 999; x_wconf 81' lang='lat' dir='ltr'>recte</span> 
     </span>
     <span class='ocr_line' id='line_1_13' title="bbox 298 1020 1809 1078; baseline -0.002 -8"><span class='ocrx_word' id='word_1_83' title='bbox 298 1027 465 1071; x_wconf 82' lang='lat' dir='ltr'>vivere</span> <span class='ocrx_word' id='word_1_84' title='bbox 504 1030 558 1070; x_wconf 90' lang='lat' dir='ltr'>et</span> <span class='ocrx_word' id='word_1_85' title='bbox 593 1030 735 1069; x_wconf 87' lang='lat' dir='ltr'>recte</span> <span class='ocrx_word' id='word_1_86' title='bbox 771 1021 960 1078; x_wconf 83' lang='lat' dir='ltr'>facere,</span> <span class='ocrx_word' id='word_1_87' title='bbox 997 1029 1056 1068; x_wconf 83' lang='lat' dir='ltr'>ut</span> <span class='ocrx_word' id='word_1_88' title='bbox 1095 1021 1364 1069; x_wconf 87' lang='lat' dir='ltr'>laudemur</span> <span class='ocrx_word' id='word_1_89' title='bbox 1401 1022 1465 1068; x_wconf 94' lang='lat' dir='ltr'>ab</span> <span class='ocrx_word' id='word_1_90' title='bbox 1501 1020 1809 1077; x_wconf 82' lang='lat' dir='ltr'>hominibus,</span> 
     </span>
     <span class='ocr_line' id='line_1_14' title="bbox 296 1089 1808 1139; baseline -0.003 0"><span class='ocrx_word' id='word_1_91' title='bbox 296 1093 350 1139; x_wconf 88' lang='lat' dir='ltr'>id</span> <span class='ocrx_word' id='word_1_92' title='bbox 385 1099 465 1138; x_wconf 85' lang='lat' dir='ltr'>est</span> <span class='ocrx_word' id='word_1_93' title='bbox 501 1092 655 1138; x_wconf 87' lang='lat' dir='ltr'>finem</span> <span class='ocrx_word' id='word_1_94' title='bbox 690 1095 819 1137; x_wconf 90' lang='lat' dir='ltr'>recti</span> <span class='ocrx_word' id='word_1_95' title='bbox 854 1094 1013 1136; x_wconf 79' lang='lat' dir='ltr'>nostri</span> <span class='ocrx_word' id='word_1_96' title='bbox 1049 1107 1152 1137; x_wconf 93' lang='lat' dir='ltr'>non</span> <span class='ocrx_word' id='word_1_97' title='bbox 1185 1093 1239 1136; x_wconf 92' lang='lat' dir='ltr'>in</span> <span class='ocrx_word' id='word_1_98' title='bbox 1273 1089 1538 1136; x_wconf 91' lang='lat' dir='ltr'>hominum</span> <span class='ocrx_word' id='word_1_99' title='bbox 1571 1089 1808 1136; x_wconf 77' lang='lat' dir='ltr'>laudibus</span> 
     </span>
     <span class='ocr_line' id='line_1_15' title="bbox 297 1157 1809 1223; baseline -0.002 -17"><span class='ocrx_word' id='word_1_100' title='bbox 297 1176 489 1223; x_wconf 87' lang='lat' dir='ltr'>ponere</span> <span class='ocrx_word' id='word_1_101' title='bbox 535 1167 589 1206; x_wconf 92' lang='lat' dir='ltr'>et</span> <span class='ocrx_word' id='word_1_102' title='bbox 631 1167 810 1206; x_wconf 88' lang='lat' dir='ltr'>tamen</span> <span class='ocrx_word' id='word_1_103' title='bbox 852 1166 1064 1221; x_wconf 88' lang='lat' dir='ltr'>propter</span> <span class='ocrx_word' id='word_1_104' title='bbox 1106 1162 1241 1221; x_wconf 84' lang='lat' dir='ltr'>ipsos</span> <span class='ocrx_word' id='word_1_105' title='bbox 1285 1157 1516 1204; x_wconf 89' lang='lat' dir='ltr'>homines</span> <span class='ocrx_word' id='word_1_106' title='bbox 1561 1173 1809 1221; x_wconf 85' lang='lat' dir='ltr'>quaerere</span> 
     </span>
     <span class='ocr_line' id='line_1_16' title="bbox 297 1226 1811 1282; baseline -0.001 -8"><span class='ocrx_word' id='word_1_107' title='bbox 297 1228 475 1275; x_wconf 88' lang='lat' dir='ltr'>laudes</span> <span class='ocrx_word' id='word_1_108' title='bbox 504 1227 783 1274; x_wconf 83' lang='lat' dir='ltr'>hominum.</span> <span class='ocrx_word' id='word_1_109' title='bbox 853 1227 1062 1273; x_wconf 88' lang='lat' dir='ltr'>Etenim</span> <span class='ocrx_word' id='word_1_110' title='bbox 1092 1244 1208 1273; x_wconf 91' lang='lat' dir='ltr'>cum</span> <span class='ocrx_word' id='word_1_111' title='bbox 1236 1226 1512 1274; x_wconf 80' lang='lat' dir='ltr'>laudantur</span> <span class='ocrx_word' id='word_1_112' title='bbox 1539 1226 1679 1282; x_wconf 91' lang='lat' dir='ltr'>boni,</span> <span class='ocrx_word' id='word_1_113' title='bbox 1707 1242 1811 1272; x_wconf 90' lang='lat' dir='ltr'>non</span> 
     </span>
     <span class='ocr_line' id='line_1_17' title="bbox 297 1293 1811 1358; baseline -0.001 -16"><span class='ocrx_word' id='word_1_114' title='bbox 297 1296 518 1343; x_wconf 76' lang='lat' dir='ltr'>laudatis</span> <span class='ocrx_word' id='word_1_115' title='bbox 553 1296 645 1343; x_wconf 90' lang='lat' dir='ltr'>sed</span> <span class='ocrx_word' id='word_1_116' title='bbox 677 1295 1006 1342; x_wconf 85' lang='lat' dir='ltr'>laudantibus</span> <span class='ocrx_word' id='word_1_117' title='bbox 1041 1295 1266 1358; x_wconf 88' lang='lat' dir='ltr'>prodest.</span> <span class='ocrx_word' id='word_1_118' title='bbox 1337 1294 1470 1341; x_wconf 87' lang='lat' dir='ltr'>Nam</span> <span class='ocrx_word' id='word_1_119' title='bbox 1503 1293 1617 1350; x_wconf 85' lang='lat' dir='ltr'>illis,</span> <span class='ocrx_word' id='word_1_120' title='bbox 1651 1310 1811 1358; x_wconf 86' lang='lat' dir='ltr'>quan-</span> 
     </span>
     <span class='ocr_line' id='line_1_18' title="bbox 298 1361 1811 1427; baseline -0.002 -16"><span class='ocrx_word' id='word_1_121' title='bbox 298 1372 412 1411; x_wconf 86' lang='lat' dir='ltr'>tum</span> <span class='ocrx_word' id='word_1_122' title='bbox 445 1365 510 1411; x_wconf 90' lang='lat' dir='ltr'>ad</span> <span class='ocrx_word' id='word_1_123' title='bbox 547 1368 681 1427; x_wconf 86' lang='lat' dir='ltr'>ipsos</span> <span class='ocrx_word' id='word_1_124' title='bbox 715 1364 935 1419; x_wconf 87' lang='lat' dir='ltr'>adtinet,</span> <span class='ocrx_word' id='word_1_125' title='bbox 968 1364 1107 1427; x_wconf 89' lang='lat' dir='ltr'>quod</span> <span class='ocrx_word' id='word_1_126' title='bbox 1146 1364 1267 1410; x_wconf 93' lang='lat' dir='ltr'>boni</span> <span class='ocrx_word' id='word_1_127' title='bbox 1299 1370 1419 1410; x_wconf 88' lang='lat' dir='ltr'>sunt</span> <span class='ocrx_word' id='word_1_128' title='bbox 1450 1362 1668 1418; x_wconf 83' lang='lat' dir='ltr'>sufficit3</span> <span class='ocrx_word' id='word_1_129' title='bbox 1718 1361 1811 1409; x_wconf 89' lang='lat' dir='ltr'>sed</span> 
     </span>
     <span class='ocr_line' id='line_1_19' title="bbox 300 1430 1810 1496; baseline -0.001 -17"><span class='ocrx_word' id='word_1_130' title='bbox 300 1438 390 1489; x_wconf 84' lang='lat' dir='ltr'>eis,</span> <span class='ocrx_word' id='word_1_131' title='bbox 423 1434 606 1496; x_wconf 84' lang='lat' dir='ltr'>quibus</span> <span class='ocrx_word' id='word_1_132' title='bbox 640 1432 852 1495; x_wconf 82' lang='lat' dir='ltr'>expedit</span> <span class='ocrx_word' id='word_1_133' title='bbox 883 1435 1073 1478; x_wconf 83' lang='lat' dir='ltr'>imitari</span> <span class='ocrx_word' id='word_1_134' title='bbox 1104 1432 1282 1487; x_wconf 86' lang='lat' dir='ltr'>bonos,</span> <span class='ocrx_word' id='word_1_135' title='bbox 1314 1430 1679 1495; x_wconf 86' lang='lat' dir='ltr'>gratulandum</span> <span class='ocrx_word' id='word_1_136' title='bbox 1711 1437 1810 1488; x_wconf 84' lang='lat' dir='ltr'>est,</span> 
     </span>
     <span class='ocr_line' id='line_1_20' title="bbox 300 1499 1810 1563; baseline -0.002 -15"><span class='ocrx_word' id='word_1_137' title='bbox 300 1519 416 1548; x_wconf 89' lang='lat' dir='ltr'>cum</span> <span class='ocrx_word' id='word_1_138' title='bbox 445 1502 508 1548; x_wconf 92' lang='lat' dir='ltr'>ab</span> <span class='ocrx_word' id='word_1_139' title='bbox 537 1504 608 1547; x_wconf 88' lang='lat' dir='ltr'>eis</span> <span class='ocrx_word' id='word_1_140' title='bbox 634 1500 910 1547; x_wconf 86' lang='lat' dir='ltr'>laudantur</span> <span class='ocrx_word' id='word_1_141' title='bbox 936 1501 1075 1555; x_wconf 88' lang='lat' dir='ltr'>boni,</span> <span class='ocrx_word' id='word_1_142' title='bbox 1103 1502 1344 1563; x_wconf 90' lang='lat' dir='ltr'>quoniam</span> <span class='ocrx_word' id='word_1_143' title='bbox 1371 1502 1440 1545; x_wconf 83' lang='lat' dir='ltr'>sic</span> <span class='ocrx_word' id='word_1_144' title='bbox 1467 1499 1698 1546; x_wconf 80' lang='lat' dir='ltr'>indicant</span> <span class='ocrx_word' id='word_1_145' title='bbox 1724 1514 1810 1545; x_wconf 90' lang='lat' dir='ltr'>eos</span> 
     </span>
     <span class='ocr_line' id='line_1_21' title="bbox 301 1567 1811 1632; baseline -0.001 -16"><span class='ocrx_word' id='word_1_146' title='bbox 301 1571 395 1616; x_wconf 90' lang='lat' dir='ltr'>sibi</span> <span class='ocrx_word' id='word_1_147' title='bbox 445 1569 665 1632; x_wconf 80' lang='lat' dir='ltr'>placere,</span> <span class='ocrx_word' id='word_1_148' title='bbox 717 1586 842 1632; x_wconf 86' lang='lat' dir='ltr'>quos</span> <span class='ocrx_word' id='word_1_149' title='bbox 894 1572 1143 1614; x_wconf 79' lang='lat' dir='ltr'>veraciter</span> <span class='ocrx_word' id='word_1_150' title='bbox 1192 1567 1421 1615; x_wconf 91' lang='lat' dir='ltr'>laudant.</span> <span class='ocrx_word' id='word_1_151' title='bbox 1497 1567 1638 1614; x_wconf 87' lang='lat' dir='ltr'>Dicit</span> <span class='ocrx_word' id='word_1_152' title='bbox 1688 1583 1811 1631; x_wconf 85' lang='lat' dir='ltr'>ergo</span> 
     </span>
     <span class='ocr_line' id='line_1_22' title="bbox 304 1634 1812 1700; baseline -0.001 -16"><span class='ocrx_word' id='word_1_153' title='bbox 304 1637 561 1700; x_wconf 84' lang='lat' dir='ltr'>apostolus</span> <span class='ocrx_word' id='word_1_154' title='bbox 585 1637 807 1700; x_wconf 85' lang='lat' dir='ltr'>quodam</span> <span class='ocrx_word' id='word_1_155' title='bbox 829 1636 960 1683; x_wconf 92' lang='lat' dir='ltr'>loco:</span> <span class='ocrx_word' id='word_1_156' title='bbox 994 1636 1046 1683; x_wconf 74' lang='lat' dir='ltr'>Si</span> <span class='ocrx_word' id='word_1_157' title='bbox 1068 1635 1328 1683; x_wconf 74' lang='lat' dir='ltr'>hominibus</span> <span class='ocrx_word' id='word_1_158' title='bbox 1353 1636 1605 1700; x_wconf 84' lang='lat' dir='ltr'>placerem,</span> <span class='ocrx_word' id='word_1_159' title='bbox 1638 1634 1812 1683; x_wconf 77' lang='lat' dir='ltr'>Christi</span> 
     </span>
     <span class='ocr_line' id='line_1_23' title="bbox 301 1703 1813 1761; baseline -0.001 -9"><span class='ocrx_word' id='word_1_160' title='bbox 301 1722 461 1752; x_wconf 74' lang='lat' dir='ltr'>servus</span> <span class='ocrx_word' id='word_1_161' title='bbox 506 1722 598 1752; x_wconf 73' lang='lat' dir='ltr'>non</span> <span class='ocrx_word' id='word_1_162' title='bbox 640 1722 803 1761; x_wconf 74' lang='lat' dir='ltr'>essem,</span> <span class='ocrx_word' id='word_1_163' title='bbox 847 1712 900 1752; x_wconf 84' lang='lat' dir='ltr'>et</span> <span class='ocrx_word' id='word_1_164' title='bbox 941 1705 1079 1752; x_wconf 88' lang='lat' dir='ltr'>idem</span> <span class='ocrx_word' id='word_1_165' title='bbox 1126 1705 1250 1752; x_wconf 93' lang='lat' dir='ltr'>dicit</span> <span class='ocrx_word' id='word_1_166' title='bbox 1292 1703 1389 1751; x_wconf 89' lang='lat' dir='ltr'>alio</span> <span class='ocrx_word' id='word_1_167' title='bbox 1429 1703 1574 1751; x_wconf 87' lang='lat' dir='ltr'>loco:</span> <span class='ocrx_word' id='word_1_168' title='bbox 1627 1703 1813 1751; x_wconf 76' lang='lat' dir='ltr'>Placete</span> 
     </span>
     <span class='ocr_line' id='line_1_24' title="bbox 301 1771 1812 1838; baseline -0.001 -18"><span class='ocrx_word' id='word_1_169' title='bbox 301 1773 511 1821; x_wconf 77' lang='lat' dir='ltr'>omnibus</span> <span class='ocrx_word' id='word_1_170' title='bbox 551 1790 638 1838; x_wconf 82' lang='lat' dir='ltr'>per</span> <span class='ocrx_word' id='word_1_171' title='bbox 679 1774 852 1827; x_wconf 79' lang='lat' dir='ltr'>omnia,</span> <span class='ocrx_word' id='word_1_172' title='bbox 897 1773 1014 1820; x_wconf 75' lang='lat' dir='ltr'>Sicut</span> <span class='ocrx_word' id='word_1_173' title='bbox 1055 1779 1096 1819; x_wconf 77' lang='lat' dir='ltr'>et</span> <span class='ocrx_word' id='word_1_174' title='bbox 1142 1789 1226 1837; x_wconf 86' lang='lat' dir='ltr'>ego</span> <span class='ocrx_word' id='word_1_175' title='bbox 1273 1771 1483 1819; x_wconf 75' lang='lat' dir='ltr'>omnibus</span> <span class='ocrx_word' id='word_1_176' title='bbox 1523 1788 1611 1836; x_wconf 84' lang='lat' dir='ltr'>per</span> <span class='ocrx_word' id='word_1_177' title='bbox 1656 1771 1812 1820; x_wconf 79' lang='lat' dir='ltr'>omnia</span> 
     </span>
     <span class='ocr_line' id='line_1_25' title="bbox 294 1838 1814 1906; baseline -0.001 -18"><span class='ocrx_word' id='word_1_178' title='bbox 294 1842 477 1906; x_wconf 79' lang='lat' dir='ltr'>placeo,</span> <span class='ocrx_word' id='word_1_179' title='bbox 514 1842 606 1889; x_wconf 83' lang='lat' dir='ltr'>sed</span> <span class='ocrx_word' id='word_1_180' title='bbox 647 1842 930 1905; x_wconf 82' lang='lat' dir='ltr'>adiungens</span> <span class='ocrx_word' id='word_1_181' title='bbox 971 1858 1212 1888; x_wconf 85' lang='lat' dir='ltr'>causam:</span> <span class='ocrx_word' id='word_1_182' title='bbox 1267 1840 1380 1887; x_wconf 82' lang='lat' dir='ltr'>Non</span> <span class='ocrx_word' id='word_1_183' title='bbox 1421 1856 1648 1905; x_wconf 77' lang='lat' dir='ltr'>quaerens</span> <span class='ocrx_word' id='word_1_184' title='bbox 1688 1838 1814 1905; x_wconf 84' lang='lat' dir='ltr'>quod</span> 
     </span>
    </p>

    <p class='ocr_par' dir='ltr' id='par_1_5' title="bbox 230 1907 1812 1974">
     <span class='ocr_line' id='line_1_26' title="bbox 230 1907 1812 1974; baseline -0.001 -18"><span class='ocrx_word' id='word_1_185' title='bbox 230 1930 231 1933; x_wconf 45' lang='lat'>¹</span> <span class='ocrx_word' id='word_1_186' title='bbox 301 1910 413 1956; x_wconf 72' lang='lat' dir='ltr'>mihi</span> <span class='ocrx_word' id='word_1_187' title='bbox 456 1910 564 1957; x_wconf 77' lang='lat' dir='ltr'>utile</span> <span class='ocrx_word' id='word_1_188' title='bbox 605 1916 688 1966; x_wconf 77' lang='lat' dir='ltr'>est,</span> <span class='ocrx_word' id='word_1_189' title='bbox 727 1909 808 1957; x_wconf 76' lang='lat' dir='ltr'>sed</span> <span class='ocrx_word' id='word_1_190' title='bbox 849 1908 974 1974; x_wconf 82' lang='lat' dir='ltr'>quod</span> <span class='ocrx_word' id='word_1_191' title='bbox 1018 1908 1192 1965; x_wconf 77' lang='lat' dir='ltr'>multis,</span> <span class='ocrx_word' id='word_1_192' title='bbox 1230 1915 1280 1955; x_wconf 81' lang='lat' dir='ltr'>ut</span> <span class='ocrx_word' id='word_1_193' title='bbox 1316 1908 1437 1956; x_wconf 81' lang='lat' dir='ltr'>salvi</span> <span class='ocrx_word' id='word_1_194' title='bbox 1461 1907 1609 1971; x_wconf 83' lang='lat' dir='ltr'>flant.</span> <span class='ocrx_word' id='word_1_195' title='bbox 1678 1908 1812 1955; x_wconf 87' lang='lat' dir='ltr'>Ecce</span> 
     </span>
    </p>

    <p class='ocr_par' dir='ltr' id='par_1_6' title="bbox 301 1977 1810 2042">
     <span class='ocr_line' id='line_1_27' title="bbox 301 1977 1810 2042; baseline -0.001 -18"><span class='ocrx_word' id='word_1_196' title='bbox 301 1979 438 2041; x_wconf 91' lang='lat' dir='ltr'>quod</span> <span class='ocrx_word' id='word_1_197' title='bbox 455 1979 739 2042; x_wconf 87' lang='lat' dir='ltr'>quaerebat</span> <span class='ocrx_word' id='word_1_198' title='bbox 754 1981 805 2023; x_wconf 89' lang='lat' dir='ltr'>in</span> <span class='ocrx_word' id='word_1_199' title='bbox 820 1977 973 2024; x_wconf 92' lang='lat' dir='ltr'>laude</span> <span class='ocrx_word' id='word_1_200' title='bbox 990 1977 1271 2034; x_wconf 87' lang='lat' dir='ltr'>hominum,</span> <span class='ocrx_word' id='word_1_201' title='bbox 1288 1978 1376 2024; x_wconf 91' lang='lat' dir='ltr'>ubi</span> <span class='ocrx_word' id='word_1_202' title='bbox 1393 1980 1552 2023; x_wconf 85' lang='lat' dir='ltr'>etiam</span> <span class='ocrx_word' id='word_1_203' title='bbox 1569 1977 1776 2024; x_wconf 91' lang='lat' dir='ltr'>dicebat</span> <span class='ocrx_word' id='word_1_204' title='bbox 1798 1992 1810 2022; x_wconf 71' lang='grc' dir='ltr'>ε</span> 
     </span>
    </p>

    <p class='ocr_par' dir='ltr' id='par_1_7' title="bbox 299 2045 1813 2111">
     <span class='ocr_line' id='line_1_28' title="bbox 299 2045 1813 2111; baseline -0.001 -19"><span class='ocrx_word' id='word_1_205' title='bbox 299 2047 378 2092; x_wconf 84' lang='lat' dir='ltr'>De</span> <span class='ocrx_word' id='word_1_206' title='bbox 413 2054 575 2102; x_wconf 78' lang='lat' dir='ltr'>cetero,</span> <span class='ocrx_word' id='word_1_207' title='bbox 599 2045 807 2111; x_wconf 74' lang='lat' dir='ltr'>fratres,</span> <span class='ocrx_word' id='word_1_208' title='bbox 844 2062 1159 2110; x_wconf 82' lang='lat' dir='ltr'>quaecumque</span> <span class='ocrx_word' id='word_1_209' title='bbox 1194 2051 1301 2092; x_wconf 77' lang='lat' dir='ltr'>sunt</span> <span class='ocrx_word' id='word_1_210' title='bbox 1335 2061 1464 2100; x_wconf 85' lang='lat' dir='ltr'>vera,</span> <span class='ocrx_word' id='word_1_211' title='bbox 1499 2060 1813 2110; x_wconf 83' lang='lat' dir='ltr'>quaecumque</span> 
     </span>
    </p>

    <p class='ocr_par' dir='ltr' id='par_1_8' title="bbox 288 2115 1812 2178">
     <span class='ocr_line' id='line_1_29' title="bbox 288 2115 1812 2178; baseline -0.001 -17"><span class='ocrx_word' id='word_1_212' title='bbox 288 2115 479 2178; x_wconf 79' lang='lat' dir='ltr'>pudica,</span> <span class='ocrx_word' id='word_1_213' title='bbox 504 2131 819 2178; x_wconf 81' lang='lat' dir='ltr'>quaecumque</span> <span class='ocrx_word' id='word_1_214' title='bbox 843 2120 992 2170; x_wconf 78' lang='lat' dir='ltr'>casta,</span> <span class='ocrx_word' id='word_1_215' title='bbox 1024 2129 1340 2178; x_wconf 81' lang='lat' dir='ltr'>quaecumque</span> <span class='ocrx_word' id='word_1_216' title='bbox 1361 2118 1543 2169; x_wconf 81' lang='lat' dir='ltr'>sancta,</span> <span class='ocrx_word' id='word_1_217' title='bbox 1565 2129 1812 2178; x_wconf 83' lang='lat' dir='ltr'>quaecum-</span> 
     </span>
    </p>
   </div>
   <div class='ocr_carea' id='block_1_5' title="bbox 308 2208 1814 2478">
    <p class='ocr_par' dir='ltr' id='par_1_9' title="bbox 366 2208 919 2260">
     <span class='ocr_line' id='line_1_30' title="bbox 366 2208 919 2260; baseline 0 -12"><span class='ocrx_word' id='word_1_218' title='bbox 366 2214 384 2232; x_wconf 85' lang='lat' dir='ltr'>a</span> <span class='ocrx_word' id='word_1_219' title='bbox 417 2209 526 2249; x_wconf 88' lang='lat' dir='ltr'>Hor.</span> <span class='ocrx_word' id='word_1_220' title='bbox 549 2208 635 2260; x_wconf 80' lang='lat' dir='ltr'>Ep.</span> <span class='ocrx_word' id='word_1_221' title='bbox 660 2210 686 2249; x_wconf 91' lang='lat' dir='ltr'>i.</span> <span class='ocrx_word' id='word_1_222' title='bbox 715 2212 750 2249; x_wconf 88' lang='lat'>1.</span> <span class='ocrx_word' id='word_1_223' title='bbox 774 2211 919 2249; x_wconf 79' lang='lat'><strong>36-37.</strong></span> 
     </span>
    </p>

    <p class='ocr_par' dir='ltr' id='par_1_10' title="bbox 308 2261 1812 2413">
     <span class='ocr_line' id='line_1_31' title="bbox 368 2261 1811 2315; baseline 0 -11"><span class='ocrx_word' id='word_1_224' title='bbox 368 2263 384 2288; x_wconf 78' lang='lat'>¹³</span> <span class='ocrx_word' id='word_1_225' title='bbox 422 2268 438 2304; x_wconf 95' lang='lat' dir='ltr'>l</span> <span class='ocrx_word' id='word_1_226' title='bbox 463 2264 616 2303; x_wconf 77' lang='lat' dir='ltr'>Thess.</span> <span class='ocrx_word' id='word_1_227' title='bbox 636 2265 679 2304; x_wconf 89' lang='lat' dir='ltr'>ii.</span> <span class='ocrx_word' id='word_1_228' title='bbox 702 2267 753 2310; x_wconf 75' lang='lat'>43</span> <span class='ocrx_word' id='word_1_229' title='bbox 789 2264 921 2303; x_wconf 80' lang='lat' dir='ltr'>Matt.</span> <span class='ocrx_word' id='word_1_230' title='bbox 944 2277 984 2303; x_wconf 87' lang='lat' dir='ltr'>V.</span> <span class='ocrx_word' id='word_1_231' title='bbox 1012 2265 1088 2310; x_wconf 68' lang='lat'>163</span> <span class='ocrx_word' id='word_1_232' title='bbox 1119 2263 1188 2303; x_wconf 90' lang='lat' dir='ltr'>for</span> <span class='ocrx_word' id='word_1_233' title='bbox 1208 2262 1283 2303; x_wconf 89' lang='lat' dir='ltr'>the</span> <span class='ocrx_word' id='word_1_234' title='bbox 1303 2262 1465 2315; x_wconf 89' lang='lat' dir='ltr'>phrase</span> <span class='ocrx_word' id='word_1_235' title='bbox 1484 2262 1541 2315; x_wconf 84' lang='lat' dir='ltr'>cf.</span> <span class='ocrx_word' id='word_1_236' title='bbox 1565 2261 1684 2304; x_wconf 89' lang='lat' dir='ltr'>Pers.</span> <span class='ocrx_word' id='word_1_237' title='bbox 1706 2263 1734 2303; x_wconf 92' lang='lat' dir='ltr'>i.</span> <span class='ocrx_word' id='word_1_238' title='bbox 1756 2262 1811 2304; x_wconf 88' lang='grc'>48</span> 
     </span>
     <span class='ocr_line' id='line_1_32' title="bbox 308 2316 1812 2370; baseline 0.001 -13"><span class='ocrx_word' id='word_1_239' title='bbox 308 2317 427 2357; x_wconf 85' lang='lat' dir='ltr'>“sed</span> <span class='ocrx_word' id='word_1_240' title='bbox 450 2319 556 2358; x_wconf 83' lang='lat' dir='ltr'>recti</span> <span class='ocrx_word' id='word_1_241' title='bbox 581 2318 808 2370; x_wconf 83' lang='lat' dir='ltr'>finemque</span> <span class='ocrx_word' id='word_1_242' title='bbox 829 2321 1169 2370; x_wconf 82' lang='lat' dir='ltr'>extremumque</span> <span class='ocrx_word' id='word_1_243' title='bbox 1190 2331 1283 2358; x_wconf 83' lang='lat' dir='ltr'>esse</span> <span class='ocrx_word' id='word_1_244' title='bbox 1304 2330 1459 2358; x_wconf 89' lang='lat' dir='ltr'>recuso</span> <span class='ocrx_word' id='word_1_245' title='bbox 1481 2317 1490 2332; x_wconf 87' lang='lat'>‘</span> <span class='ocrx_word' id='word_1_246' title='bbox 1506 2316 1636 2370; x_wconf 86' lang='lat' dir='ltr'>Euge</span> <span class='ocrx_word' id='word_1_247' title='bbox 1651 2317 1661 2333; x_wconf 92' lang='lat'>&#39;</span> <span class='ocrx_word' id='word_1_248' title='bbox 1683 2321 1812 2358; x_wconf 84' lang='lat' dir='ltr'>tuum</span> 
     </span>
     <span class='ocr_line' id='line_1_33' title="bbox 314 2370 1582 2413; baseline 0 -1"><span class='ocrx_word' id='word_1_249' title='bbox 314 2377 358 2412; x_wconf 89' lang='lat' dir='ltr'>et</span> <span class='ocrx_word' id='word_1_250' title='bbox 380 2372 388 2387; x_wconf 74' lang='lat'><strong>⁶</strong></span> <span class='ocrx_word' id='word_1_251' title='bbox 406 2372 548 2412; x_wconf 50' lang='lat' dir='ltr'>belles</span> <span class='ocrx_word' id='word_1_252' title='bbox 567 2372 592 2388; x_wconf 78' lang='lat'>&#39;⁹</span> <span class='ocrx_word' id='word_1_253' title='bbox 1291 2378 1306 2396; x_wconf 77' lang='lat'><strong><em>⁶</em></strong></span> <span class='ocrx_word' id='word_1_254' title='bbox 1339 2370 1439 2413; x_wconf 88' lang='lat' dir='ltr'>Gal.</span> <span class='ocrx_word' id='word_1_255' title='bbox 1462 2372 1490 2412; x_wconf 91' lang='lat' dir='ltr'>i.</span> <span class='ocrx_word' id='word_1_256' title='bbox 1518 2374 1582 2412; x_wconf 94' lang='lat'>10.</span> 
     </span>
    </p>

    <p class='ocr_par' dir='ltr' id='par_1_11' title="bbox 365 2425 1814 2478">
     <span class='ocr_line' id='line_1_34' title="bbox 365 2425 1814 2478; baseline 0 -12"><span class='ocrx_word' id='word_1_257' title='bbox 365 2425 384 2450; x_wconf 78' lang='lat'>‘¹</span> <span class='ocrx_word' id='word_1_258' title='bbox 420 2431 437 2466; x_wconf 95' lang='grc'>1</span> <span class='ocrx_word' id='word_1_259' title='bbox 471 2426 569 2467; x_wconf 92' lang='lat' dir='ltr'>Cor.</span> <span class='ocrx_word' id='word_1_260' title='bbox 596 2441 635 2467; x_wconf 80' lang='grc' dir='ltr'>Χ.</span> <span class='ocrx_word' id='word_1_261' title='bbox 665 2428 733 2467; x_wconf 81' lang='grc'>33.</span> <span class='ocrx_word' id='word_1_262' title='bbox 796 2426 890 2466; x_wconf 91' lang='lat' dir='ltr'>The</span> <span class='ocrx_word' id='word_1_263' title='bbox 917 2425 1060 2467; x_wconf 87' lang='lat' dir='ltr'>words</span> <span class='ocrx_word' id='word_1_264' title='bbox 1084 2427 1258 2467; x_wconf 79' lang='lat' dir='ltr'>Placete</span> <span class='ocrx_word' id='word_1_265' title='bbox 1279 2426 1477 2467; x_wconf 76' lang='lat' dir='ltr'>omnibus</span> <span class='ocrx_word' id='word_1_266' title='bbox 1496 2439 1580 2478; x_wconf 80' lang='lat' dir='ltr'>per</span> <span class='ocrx_word' id='word_1_267' title='bbox 1603 2426 1752 2467; x_wconf 82' lang='lat' dir='ltr'>omnia</span> <span class='ocrx_word' id='word_1_268' title='bbox 1778 2427 1814 2466; x_wconf 88' lang='lat' dir='ltr'>is</span> 
     </span>
    </p>
   </div>
   <div class='ocr_carea' id='block_1_6' title="bbox 306 2479 1816 2588">
    <p class='ocr_par' dir='ltr' id='par_1_12' title="bbox 306 2479 1816 2588">
     <span class='ocr_line' id='line_1_35' title="bbox 306 2479 1816 2539; baseline 0.001 -18"><span class='ocrx_word' id='word_1_269' title='bbox 306 2480 414 2532; x_wconf 88' lang='lat' dir='ltr'>only</span> <span class='ocrx_word' id='word_1_270' title='bbox 441 2481 507 2521; x_wconf 87' lang='lat' dir='ltr'>his</span> <span class='ocrx_word' id='word_1_271' title='bbox 532 2481 805 2539; x_wconf 77' lang='lat' dir='ltr'>paraphrase</span> <span class='ocrx_word' id='word_1_272' title='bbox 828 2482 879 2521; x_wconf 90' lang='lat' dir='ltr'>of</span> <span class='ocrx_word' id='word_1_273' title='bbox 900 2481 975 2521; x_wconf 85' lang='lat' dir='ltr'>the</span> <span class='ocrx_word' id='word_1_274' title='bbox 1001 2481 1243 2534; x_wconf 88' lang='lat' dir='ltr'>preceding</span> <span class='ocrx_word' id='word_1_275' title='bbox 1269 2493 1417 2522; x_wconf 84' lang='lat' dir='ltr'>verse:</span> <span class='ocrx_word' id='word_1_276' title='bbox 1450 2479 1556 2522; x_wconf 75' lang='lat' dir='ltr'>Sine</span> <span class='ocrx_word' id='word_1_277' title='bbox 1579 2480 1816 2534; x_wconf 74' lang='lat' dir='ltr'>offensione</span> 
     </span>
     <span class='ocr_line' id='line_1_36' title="bbox 309 2536 1316 2588; baseline 0.001 -12"><span class='ocrx_word' id='word_1_278' title='bbox 309 2540 437 2576; x_wconf 75' lang='lat' dir='ltr'>estote</span> <span class='ocrx_word' id='word_1_279' title='bbox 464 2536 638 2577; x_wconf 76' lang='lat' dir='ltr'>Iudaeis</span> <span class='ocrx_word' id='word_1_280' title='bbox 660 2541 698 2576; x_wconf 76' lang='lat' dir='ltr'>et</span> <span class='ocrx_word' id='word_1_281' title='bbox 717 2537 918 2588; x_wconf 60' lang='lat' dir='ltr'>flentibus</span> <span class='ocrx_word' id='word_1_282' title='bbox 940 2541 978 2576; x_wconf 78' lang='lat' dir='ltr'>et</span> <span class='ocrx_word' id='word_1_283' title='bbox 999 2537 1198 2577; x_wconf 77' lang='lat' dir='ltr'>ecclesiae</span> <span class='ocrx_word' id='word_1_284' title='bbox 1218 2536 1316 2577; x_wconf 74' lang='lat' dir='ltr'>Dei.</span> 
     </span>
    </p>
   </div>
   <div class='ocr_carea' id='block_1_7' title="bbox 311 2597 406 2637">
    <p class='ocr_par' dir='ltr' id='par_1_13' title="bbox 311 2597 406 2637">
     <span class='ocr_line' id='line_1_37' title="bbox 311 2597 406 2637; baseline 0 0"><span class='ocrx_word' id='word_1_285' title='bbox 311 2597 406 2637; x_wconf 75' lang='lat'>452</span> 
     </span>
    </p>
   </div>
  </div>
 </body>
</html>
