1866 2964
753 170 844 217 ST.
882 171 1290 218 AUGUSTINE

266 303 457 350 invicem
491 302 719 367 diligatis,
755 303 846 350 sed
879 306 1035 366 ipsius
1072 303 1322 366 epistulae
1357 311 1516 360 tuae3
1570 305 1775 367 quando

268 385 404 428 enim
452 382 695 428 sufficiam
744 389 866 428 tuae
916 385 1158 428 suaw'tati
1207 389 1491 446 tantaeque
1541 383 1775 430 aviditati

267 464 421 506 animi
444 463 538 516 tui,
563 477 717 523 quam
741 459 864 506 mihi
887 459 1021 507 lecta
1045 463 1302 507 nuntiavit
1325 461 1343 506 ?
1413 460 1542 507 Rem
1566 461 1775 524 quidem

265 542 316 584 in
341 546 394 585 te
419 538 542 584 mihi
568 542 885 585 notissimam
911 541 1187 585 insinuavit
1211 554 1222 594 3
1269 555 1445 585 verum
1472 546 1650 586 tamen
1678 528 1775 585 etsi

264 634 366 663 non
413 616 537 662 mihi
585 620 659 663 rei
707 633 870 663 novae
919 619 1241 673 insinuatrix,
1291 634 1422 664 nova
1470 624 1647 664 tamen
1695 633 1774 663 re-

264 698 567 757 scriptorum
593 698 821 742 exactrix
847 694 960 741 fuit.

214 780 238 817 2
331 773 533 819 Miraris
563 772 780 820 fortasse
810 790 898 820 cur
925 789 1009 820 me
1035 772 1183 820 huius
1210 773 1373 820 debiti
1405 772 1775 836 persolutorem

262 854 494 914 inparem
525 852 708 907 dicam,
738 869 853 898 cum
883 859 941 898 tu
972 852 1036 898 de
1065 868 1149 897 me
1179 858 1288 898 tam
1316 851 1537 898 multum
1567 854 1777 907 sentias,

268 933 353 993 qui
404 946 487 976 me
539 937 806 993 tamquam
859 933 1028 976 anima
1077 946 1194 976 mea
1243 932 1458 976 noveris.
1529 929 1631 977 Sed
1679 928 1776 976 hoc

262 1011 429 1071 ipsum
475 1015 571 1064 est,
618 1009 755 1072 quod
798 1007 923 1055 mihi
967 1025 1209 1072 magnam
1254 1007 1607 1055 difficultatem
1651 1006 1776 1054 facit

262 1086 606 1149 respondendi
664 1086 849 1133 litteris
909 1089 1028 1142 tuis,
1084 1089 1204 1150 quia
1259 1093 1313 1133 et
1374 1093 1596 1149 quantus
1650 1085 1775 1132 mihi

263 1165 497 1221 videaris,
525 1182 677 1227 parco
709 1165 877 1212 dicere
911 1172 1122 1227 propter
1147 1165 1507 1212 verecundiam
1531 1172 1694 1221 tuam,
1721 1171 1776 1211 et

263 1246 442 1306 utique
469 1246 635 1290 minus
664 1244 897 1299 dicendo,
926 1260 1041 1290 cum
1067 1250 1126 1289 tu
1153 1246 1205 1288 in
1230 1259 1314 1289 me
1341 1250 1543 1289 tantam
1569 1242 1775 1290 laudem

262 1321 553 1377 contuleris,
587 1322 710 1384 quid
741 1324 836 1368 nisi
869 1322 1071 1369 debitor
1101 1321 1379 1367 remanebo
1404 1321 1421 1367 ?
1491 1320 1643 1380 Quod
1673 1338 1775 1367 non

263 1416 511 1455 curarem,
537 1402 577 1446 si
609 1416 668 1446 ea
700 1416 832 1462 quae
858 1400 922 1447 de
947 1416 1031 1445 me
1058 1399 1122 1446 ad
1153 1415 1237 1445 me
1261 1398 1460 1445 locutus
1487 1416 1558 1455 es,
1582 1416 1685 1445 non
1710 1415 1774 1445 ex

262 1481 477 1524 caritate
530 1481 865 1524 sincerissima
917 1478 1055 1525 dicta
1106 1480 1286 1524 scirem
1337 1477 1428 1524 sed
1479 1476 1773 1524 adulatione

260 1558 463 1602 inimica
509 1559 779 1603 amicitiae.
850 1556 961 1602 Hoc
1006 1558 1196 1619 quippe
1238 1555 1391 1602 modo
1434 1572 1529 1602 nec
1572 1555 1775 1602 debitor

262 1633 456 1689 fierem,
507 1637 626 1697 quia
675 1634 799 1681 talia
848 1634 1133 1697 rependere
1183 1651 1285 1680 non
1334 1634 1615 1689 deberem;
1682 1634 1774 1680 sed

261 1719 455 1774 quanto
479 1715 642 1776 magis
673 1715 789 1759 novi
822 1729 977 1775 quam
1008 1711 1144 1759 fideli
1170 1714 1338 1758 animo
1361 1710 1600 1775 loqueris,
1624 1718 1773 1758 tanto

260 1793 422 1853 magis
448 1791 595 1837 video
621 1798 815 1854 quanto
840 1791 1016 1837 debito
1041 1807 1237 1853 graver.

212 1875 235 1913 3
326 1867 455 1915 Vide
497 1876 671 1915 autem
722 1869 845 1932 quid
891 1867 1015 1914 mihi
1055 1871 1289 1931 contigit,
1329 1875 1388 1915 ut
1426 1884 1509 1914 me
1550 1868 1772 1931 quodam

260 1946 410 1993 modo
430 1950 538 2009 ipse
559 1946 889 2002 laudaverim,
914 1949 999 2010 qui
1018 1963 1101 1992 me
1129 1963 1157 1992 a
1183 1953 1236 1993 te
1264 1945 1482 1993 fideliter
1506 1945 1772 1993 laudatum

260 2025 491 2071 dixerim.
579 2024 680 2072 Sed
729 2025 851 2088 quid
900 2024 1037 2071 aliud
1077 2025 1299 2071 dicerem
1341 2041 1495 2088 quam
1542 2024 1595 2071 id
1635 2025 1771 2088 quod

260 2103 324 2149 de
373 2110 427 2149 te
471 2103 729 2158 admonui,
772 2119 926 2166 quam
974 2103 1149 2149 nosti?
1218 2102 1350 2148 Ecce
1403 2101 1526 2148 mihi
1588 2119 1772 2149 novam

260 2179 357 2226 feci
389 2184 762 2243 quaestionem,
793 2198 947 2244 quam
980 2188 1039 2227 tu
1073 2198 1174 2226 non
1208 2183 1533 2242 proposuisti,
1568 2187 1622 2227 et
1656 2197 1770 2227 eam

257 2257 484 2305 fortassis
523 2266 765 2321 expectas
804 2266 861 2305 ut
898 2258 1104 2305 solvam.
1176 2257 1257 2304 Ita
1286 2257 1409 2304 mihi
1442 2274 1621 2320 parum
1659 2265 1771 2306 erat

261 2335 396 2398 quod
413 2336 615 2383 debitor
633 2353 789 2392 eram,
806 2340 900 2383 nisi
922 2339 1078 2383 etiam
1098 2352 1180 2382 me
1202 2335 1445 2398 ampliore
1465 2336 1641 2383 debito
1661 2339 1769 2398 ipse

750 2547 769 2566 ‘²
803 2541 934 2583 Rom.
956 2543 1045 2583 xiii.
1069 2544 1108 2583 8.

267 2612 365 2662 200
