1866 2964
724 149 815 197 ST.
853 150 1262 198 AUGUSTINE

237 279 484 327 debemus
520 284 924 344 praecipientem
959 300 1015 329 ac
1052 284 1349 333 dicentem:
1395 283 1588 333 Nemini
1623 283 1751 351 quic·-

236 364 377 413 quam
401 347 622 406 debeatis,
647 349 739 397 nisi.
763 357 812 397 ut
835 350 1027 398 invicem
1051 351 1276 416 diligatis.

768 555 861 603 No.
890 562 949 603 45
976 557 1091 620 (Ep.
1120 556 1222 621 CC)

246 661 509 704 DOMINO
573 664 875 706 INLUSTRI
939 665 1016 706 ET
1085 666 1332 708 MERITO
1397 666 1750 709 PRAESTAN-

365 727 625 770 TISSIMO
674 729 889 780 ATQUE
943 730 1010 771 IN
1061 730 1312 772 CHRISTI
1361 731 1748 773 DILECTIONE

370 791 719 835 CARISSIMO
773 794 945 836 FILIO
998 795 1282 837 VALERIO
1335 795 1748 838 AUGUSTINUS

375 857 443 897 IN
484 857 747 900 DOMINO
788 859 1087 902 SALUTEM

192 981 212 1020 1
306 975 434 1022 Cum
496 977 582 1024 diu
643 977 860 1025 moleste
922 977 1185 1036 haberem,
1247 981 1386 1044 quod
1446 979 1751 1044 aliquotiens

239 1047 525 1106 scripserim
594 1053 647 1092 et
713 1046 853 1093 nulla
918 1054 1041 1094 tuae
1109 1047 1437 1095 sublimitatis
1503 1051 1752 1112 rescripta

237 1116 530 1169 meruerim,
569 1122 786 1177 repente
828 1115 1071 1177 epistulas
1111 1123 1215 1163 tres
1255 1123 1377 1164 tuae
1416 1117 1752 1180 benignitatis

239 1183 429 1242 accepi,
478 1198 633 1227 unam
682 1200 784 1229 non
839 1183 904 1229 ad
955 1201 1038 1230 me
1087 1184 1250 1231 solum
1303 1185 1480 1232 datam
1531 1201 1625 1248 per
1671 1201 1752 1231 co-

239 1251 534 1311 episcopum
571 1267 744 1296 meum
788 1250 1162 1299 Vindemialem
1205 1260 1260 1300 et
1300 1270 1402 1300 non
1444 1252 1596 1317 longe
1632 1259 1751 1316 post

238 1332 330 1378 per
355 1318 814 1381 conpresbyterum
845 1319 1071 1366 Firmum
1102 1321 1242 1368 duas.
1315 1321 1415 1380 Qui
1445 1324 1519 1367 vir
1544 1328 1748 1367 sanctus

237 1384 503 1447 nobisque,
552 1393 611 1432 ut
661 1387 725 1433 ab
773 1387 857 1434 illo
907 1391 1032 1434 scire
1080 1391 1312 1452 potuisti,
1361 1387 1753 1435 familiarissima

238 1455 453 1499 caritate
491 1457 806 1511 coniunctus,
844 1455 1008 1502 multa
1043 1458 1308 1503 nobiscum
1347 1457 1412 1504 de
1451 1464 1544 1503 tua
1583 1456 1749 1504 excel-

237 1518 396 1566 lentia
430 1520 783 1585 conloquendo
819 1531 872 1570 et
905 1527 1156 1571 veraciter
1188 1525 1510 1581 insinuando,
1545 1524 1750 1588 qualem

236 1594 290 1633 te
328 1587 375 1634 in
417 1588 590 1636 Christi
626 1590 877 1638 visceribus
913 1596 1129 1648 noverit,
1169 1610 1271 1640 non
1307 1592 1470 1640 solum
1508 1610 1592 1640 eas
1624 1609 1750 1656 quas

237 1664 550 1704 memoratus
576 1661 840 1722 episcopus
864 1659 945 1706 vel
968 1677 1092 1724 quas
1116 1664 1224 1724 ipse
1250 1660 1454 1717 adtulit,
1477 1661 1569 1708 sed
1593 1664 1750 1708 etiam

237 1722 346 1770 illas
390 1741 514 1787 quas
563 1743 665 1772 non
708 1732 962 1790 accepisse
1005 1745 1094 1775 nos
1144 1730 1503 1792 querebamur,
1543 1728 1744 1776 litteras

238 1794 372 1839 xicit.
433 1792 502 1840 Et
527 1794 643 1841 ideo
670 1795 734 1841 de
761 1802 815 1842 te
842 1800 1064 1843 narratio
1092 1800 1198 1844 eius
1225 1800 1424 1844 suavior
1448 1797 1593 1844 nobis
1621 1803 1750 1854 erat,

288 1938 306 1956 ⁰
338 1932 469 1975 Rom.
490 1936 581 1976 xiii.
605 1938 643 1976 8.
701 1937 824 1977 With
853 1937 928 1978 the
958 1938 1199 1991 preceding
1219 1938 1364 1980 words
1393 1951 1603 1991 compare
1622 1937 1744 1979 Disc.

247 1986 350 2028 Chr.
384 1992 448 2029 14.
482 1993 532 2030 15
563 1990 806 2032 “Christus
837 1996 902 2032 est
931 1995 1009 2045 qui
1038 1992 1181 2034 docet.
1215 2025 1224 2034 .
1258 2024 1268 2035 .
1301 2025 1311 2035 .
1342 1992 1507 2035 Schola
1536 1994 1674 2045 ipsius
1701 1994 1746 2033 in

234 2045 349 2082 terra
370 2043 504 2090 est'';
536 2044 590 2085 In
611 2045 687 2086 Ps.
709 2048 870 2094 xxxiv„
902 2047 1040 2088 Servi.
1076 2052 1111 2088 1.
1148 2052 1165 2088 1
1200 2049 1287 2088 “in
1316 2050 1443 2089 cuius
1469 2047 1622 2089 schola
1641 2060 1746 2088 con-

233 2095 438 2148 discipuli
465 2111 619 2139 sumus
637 2100 689 2147 '⁹3
720 2101 774 2141 In
804 2102 879 2142 ΡΒ.
916 2105 1010 2143 126.
1041 2105 1067 2142 3
1090 2102 1215 2142 “sub
1244 2102 1319 2143 illo
1339 2116 1430 2143 uno
1460 2104 1675 2155 magistro
1699 2104 1744 2143 in

238 2150 321 2190 hac
360 2152 512 2193 schola
549 2154 780 2195 vobiscum
818 2155 1112 2208 condiscipuli
1145 2169 1299 2197 sumus
1315 2157 1368 2204 ’';
1418 2156 1556 2198 Serm.
1592 2159 1687 2198 134.
1722 2159 1739 2196 1

233 2209 259 2225 “
275 2218 428 2246 omnes
445 2221 525 2247 nos
542 2221 682 2248 unum
702 2210 973 2262 Magistrum
988 2211 1151 2251 habere
1167 2215 1210 2252 et
1225 2211 1309 2252 sub
1325 2210 1400 2252 illo
1416 2210 1744 2263 condiscipulos

246 2260 388 2306 esse‚'’
409 2263 507 2302 5261.
531 2265 571 2310 9,
594 2265 692 2303 270.
720 2268 755 2304 1.

301 2313 316 2337 ⁶
349 2314 552 2356 Valerius
568 2330 658 2357 was
675 2317 822 2358 Count
843 2320 894 2359 of
908 2320 1077 2367 Africa,
1093 2333 1152 2360 an
1167 2324 1342 2360 earnest
1362 2319 1585 2361 Christian
1605 2318 1696 2359 and
1716 2332 1744 2358 a

239 2366 338 2407 firm
359 2375 594 2421 supporter
613 2373 663 2411 of
677 2372 928 2425 orthodoxy
946 2376 1124 2425 against
1143 2373 1351 2415 heretical
1369 2387 1502 2415 error.
1563 2373 1635 2414 He
1653 2372 1743 2413 had

238 2421 433 2474 adopted
459 2424 534 2465 the
559 2428 721 2466 ascetic
746 2426 840 2467 rule
864 2429 915 2468 of
934 2427 1144 2481 conjugal
1168 2430 1444 2476 continence,
1468 2427 1559 2468 and
1585 2428 1636 2468 of
1655 2427 1744 2468 this

240 2476 493 2528 Augustine
506 2493 730 2531 expresses
743 2495 879 2521 wal-m
894 2482 1124 2534 appi-oval,
1137 2483 1328 2535 sending
1345 2487 1391 2524 at
1407 2482 1483 2523 the
1500 2495 1623 2523 same
1633 2483 1743 2522 time

238 2529 314 2571 the
335 2530 430 2573 first
451 2532 572 2576 book
596 2535 646 2576 of
663 2534 731 2576 his
753 2535 878 2579 work
907 2536 973 2578 De
1000 2536 1365 2591 Concupiscentia
1393 2541 1433 2578 et
1457 2536 1629 2579 Gratia.
1677 2534 1744 2582 ΤΟ

241 2601 335 2643 344
