1866 2964
766 179 857 227 ST.
895 177 1303 227 AUGUSTINE

278 315 430 362 modo
462 314 717 361 aberravit
748 320 801 360 et
831 313 918 360 diu
949 315 1181 376 quaesita
1213 328 1314 358 non
1342 313 1513 373 potuit
1542 311 1752 372 reperiri
1777 323 1788 364 ;

279 396 441 444 altera
489 413 625 453 vero,
675 412 806 459 quae
854 399 1063 442 inventa
1113 401 1209 450 est,
1257 393 1416 440 habet
1465 391 1790 439 commenda-

282 483 475 525 tionem
515 482 864 525 suaxissimam
907 481 1037 524 servi
1079 477 1161 524 dei
1197 477 1317 522 boni
1360 483 1413 522 et
1449 478 1575 522 casti
1618 473 1791 521 adule-

279 564 484 617 scentis,
516 578 615 623 quo
645 561 797 607 modo
833 576 895 606 ex
930 558 1025 605 hac
1057 562 1162 605 vita
1192 560 1488 621 migraverit
1524 564 1578 603 et
1607 556 1790 619 quibus

278 647 527 689 visionum
562 641 904 689 fraternarum
941 641 1369 688 adtestationibus
1405 642 1646 686 meritum
1684 641 1790 684 eius

279 726 419 771 vobis
457 728 700 771 insinuari
737 727 979 787 potuerit.
1052 723 1255 770 Deinde
1295 739 1359 769 ex
1396 721 1491 768 hac
1529 723 1792 768 occasione

279 811 517 870 proponis
546 815 598 854 et
623 823 792 853 versas
819 807 883 853 de
910 810 1078 852 anima
1105 806 1512 852 obscurissimam
1538 806 1793 867 quaestio-

281 907 417 946 nem,
444 897 616 936 utrum
643 906 759 936 cum
785 889 953 952 aliquo
979 905 1187 951 corpore
1216 887 1478 951 egreditur
1504 903 1531 934 e
1565 901 1793 949 corpore,

281 989 381 1036 quo
406 975 565 1035 possit
592 972 656 1018 ad
687 970 964 1034 corporalia
987 970 1097 1017 loca
1127 969 1247 1017 ferri
1272 969 1352 1016 vel
1381 969 1500 1016 locis
1527 966 1796 1031 corporali-

281 1055 375 1101 bus
410 1057 674 1101 contineri.
745 1054 909 1100 Huius
942 1056 1099 1117 igitur
1130 1056 1204 1099 rei
1237 1059 1506 1108 tractatus,
1543 1054 1584 1098 si
1617 1057 1794 1097 tamen

282 1137 347 1184 ad
375 1136 626 1200 liquidum
657 1153 685 1182 a
718 1136 924 1192 talibus,
958 1135 1133 1199 quales
1166 1152 1256 1182 nos
1290 1151 1481 1190 sumus,
1515 1135 1795 1180 examinari

279 1226 470 1282 potest,
491 1236 663 1265 curam
683 1226 840 1282 atque
861 1235 1069 1280 operam
1088 1220 1549 1280 negotiosissimam
1567 1214 1795 1278 postulat

282 1319 339 1348 ac
354 1318 445 1364 per
460 1300 553 1347 hoc
569 1308 800 1347 mentem
817 1301 880 1347 ab
896 1299 972 1346 his
989 1300 1405 1362 occupationibus
1422 1302 1793 1346 otiosissimam.

282 1383 333 1430 Si
376 1392 551 1430 autem
601 1384 826 1430 breviter
868 1386 939 1429 vis
984 1383 1159 1429 audire
1203 1382 1326 1446 quid
1372 1380 1494 1428 mihi
1545 1381 1796 1436 videatur,

281 1466 418 1512 nullo
460 1466 612 1512 modo
655 1466 871 1512 arbitror
913 1469 1135 1511 animam
1179 1481 1206 1510 e
1248 1481 1456 1527 corpore
1500 1467 1639 1510 exire
1681 1479 1795 1510 cum

281 1565 504 1611 corpore.

232 1638 257 1676 2
347 1631 577 1677 Visiones
620 1637 795 1676 autem
834 1629 950 1676 illae
990 1628 1382 1692 futurorumque
1422 1629 1797 1691 praedictiones

284 1730 384 1776 quo
415 1713 566 1759 modo
601 1712 744 1768 fiant,
769 1711 852 1758 ille
885 1715 988 1758 iam
1015 1711 1268 1774 explicare
1294 1719 1507 1758 conetur
1540 1715 1627 1775 qui
1656 1715 1798 1758 novit

284 1812 385 1858 qua
424 1799 472 1841 vi
510 1795 792 1841 efficiantur
830 1798 882 1840 in
921 1811 1230 1857 unoquoque
1270 1797 1439 1840 animo
1477 1801 1643 1850 tanta,
1683 1810 1798 1840 cum

283 1881 494 1943 cogitat.
564 1876 809 1923 Videmus
858 1879 993 1923 enim
1039 1876 1295 1939 planeque
1342 1879 1593 1922 cernimus
1639 1879 1692 1922 in
1739 1893 1799 1923 eo

285 1961 394 2007 fieri
423 1959 700 2006 multarum
726 1976 895 2005 rerum
925 1959 1194 2005 visibilium
1222 1966 1275 2006 et
1306 1959 1370 2005 ad
1400 1966 1597 2006 ceteros
1623 1975 1799 2005 sensus

286 2046 506 2105 corporis
538 2045 908 2105 pertinentium
941 2040 1337 2088 innumerabiles
1366 2045 1633 2105 imagines,
1667 2057 1800 2105 quae

287 2143 421 2172 nunc
454 2142 555 2171 non
585 2128 801 2171 interest
836 2141 990 2187 quam
1024 2124 1257 2171 ordinate
1291 2123 1371 2170 vel
1404 2124 1609 2171 turbide
1643 2123 1800 2179 fiant3

286 2208 377 2255 sed
413 2215 636 2263 tantum,
673 2210 792 2270 quia
835 2207 981 2262 fiunt,
1019 2207 1155 2270 quod
1197 2205 1527 2253 manifestum
1566 2213 1661 2262 est,
1699 2223 1801 2270 qua

288 2294 336 2337 vi
371 2298 423 2337 et
461 2307 561 2353 quo
591 2290 742 2336 modo
781 2289 923 2345 fiant,
958 2292 1183 2352 quisquis
1220 2292 1448 2351 potuerit
1482 2288 1801 2351 explicare—

289 2390 421 2436 quae
459 2375 627 2418 onmia
661 2379 800 2418 certe
838 2372 1093 2418 cotidiana
1129 2378 1248 2418 sunt
1283 2378 1439 2434 atque
1476 2375 1801 2428 continua,—

289 2455 479 2501 audeat
510 2470 836 2516 praesumere
869 2453 1060 2516 aliquid
1090 2470 1147 2499 ac
1179 2453 1390 2500 definire
1423 2457 1580 2500 etiam
1611 2454 1676 2500 de
1706 2452 1801 2500 illis

288 2540 550 2584 rarissimis
580 2539 710 2582 visis.
781 2535 892 2599 Ego
921 2543 1096 2582 autem
1125 2542 1272 2582 tanto
1300 2538 1466 2582 minus
1494 2534 1589 2582 hoc
1618 2535 1801 2591 audeo,

295 2629 391 2675 274
