1866 2964
741 170 831 217 ST.
870 168 1277 217 AUGUSTINE

259 309 417 352 tantis
435 304 579 350 malis
598 320 699 349 non
718 318 926 365 parvam
945 301 1088 347 nobis
1107 299 1503 346 consolationem
1522 301 1761 347 divinitus

258 381 481 431 missam,
509 392 623 422 cum
652 382 710 421 tu
739 377 811 419 vir
839 372 954 419 talis
985 380 1037 418 et
1066 371 1253 418 Christi
1280 375 1495 418 nominis
1525 374 1764 418 amantis-

260 453 412 495 simus
453 445 890 510 proconsularibus
933 461 985 490 es
1026 442 1327 490 sublimatus
1367 444 1666 507 insignibus,
1706 450 1765 490 ut

262 521 325 566 ab
358 519 615 566 sceleratis
651 525 703 564 et
737 515 991 580 sacrilegis
1025 516 1228 561 ausibus
1261 518 1487 562 inimicos
1522 514 1765 561 ecclesiae

261 593 424 638 bonae
478 598 599 636 tuae
653 588 905 634 voluntati
956 594 1186 650 potestas
1240 590 1432 633 sociata
1484 585 1764 642 cohiberet,

263 664 466 709 domine
507 664 690 708 eximie
729 662 1016 722 meritoque
1054 657 1359 704 honorabilis
1397 661 1766 722 insigniterque

262 733 528 781 laudabilis
571 732 681 778 fili?
752 732 990 794 Denique
1033 748 1190 777 unum
1233 730 1394 777 solum
1431 737 1509 776 est
1545 730 1681 793 quod
1715 733 1768 775 in

264 814 353 854 tua
386 808 579 852 iustitia
618 806 1041 867 pertimescimus,
1075 820 1139 849 ne
1175 801 1307 849 forte
1342 805 1599 865 quoniam,
1632 805 1769 865 quic-

266 878 387 940 quid
415 876 533 922 mali
562 884 737 922 contra
767 874 1107 921 Christianam
1136 877 1436 921 societatem
1465 874 1529 920 ab
1556 873 1771 920 homini-

266 950 359 996 bus
388 951 553 1010 impiis
582 950 898 1011 ingratisque
927 949 1282 1002 committitur,
1309 944 1540 1008 profecto
1568 948 1769 1009 gravius

270 1028 347 1067 est
379 1027 431 1066 et
463 1023 698 1074 atrocius,
730 1035 883 1081 quam
914 1022 954 1064 si
983 1022 1035 1064 in
1065 1017 1185 1064 alios
1216 1017 1339 1064 talia
1368 1021 1772 1073 committantur,

267 1100 324 1139 tu
357 1108 559 1155 quoque
591 1108 681 1153 pro
713 1094 1035 1136 immanitate
1068 1088 1348 1135 facinorum
1381 1106 1438 1135 ac
1469 1106 1571 1136 non
1601 1091 1770 1151 potius

267 1181 358 1227 pro
422 1163 647 1210 lenitatis
713 1161 1031 1208 Christianae
1096 1161 1500 1208 consideratione
1565 1176 1772 1207 censeas

269 1235 655 1282 cohercendum.
727 1233 878 1292 Quod
929 1239 983 1278 te
1036 1249 1128 1294 per
1179 1236 1345 1295 ipsum
1399 1231 1656 1279 Christum
1707 1248 1773 1277 ne

270 1306 423 1352 facias
495 1307 832 1352 obsecramus.
904 1304 1085 1367 Neque
1158 1307 1293 1350 enim
1363 1304 1639 1350 vindictam
1709 1303 1774 1350 de

271 1381 482 1424 inimicis
526 1381 577 1423 in
620 1376 714 1423 hac
758 1384 895 1422 terra
938 1378 1240 1438 requirimus
1286 1383 1376 1422 aut
1418 1393 1537 1422 vero
1581 1376 1646 1423 ad
1690 1393 1775 1422 eas

273 1453 532 1513 angustias
566 1452 718 1495 animi
750 1465 839 1494 nos
879 1448 1073 1494 debent
1112 1455 1341 1494 coartare
1373 1465 1504 1511 quae
1535 1451 1776 1510 patimur,

273 1529 329 1568 ut
379 1520 731 1567 obliviscamur
776 1520 898 1582 quid
945 1520 1088 1566 nobis
1129 1523 1467 1582 praeceperit,
1506 1537 1597 1582 pro
1637 1523 1776 1566 cuius

274 1595 491 1638 veritate
547 1609 603 1639 ac
656 1595 860 1638 nomine
912 1594 1172 1654 patimur;
1243 1591 1498 1654 diligimus
1550 1594 1777 1638 inimicos

274 1671 470 1710 nostros
527 1672 578 1710 et
633 1680 833 1710 oramus
887 1680 977 1725 pro
1033 1666 1118 1709 eis.
1192 1663 1343 1710 Unde
1399 1680 1462 1710 ex
1516 1667 1777 1710 occasione

274 1735 575 1781 terribilium
611 1736 833 1781 iudicum
871 1752 928 1781 ac
963 1734 1153 1798 legum,
1189 1752 1254 1782 ne
1290 1739 1342 1781 in
1378 1739 1575 1782 aeterni
1609 1735 1779 1782 iudicii

275 1823 464 1868 poenas
507 1807 750 1862 incidant,
793 1810 974 1871 corrigi
1017 1823 1101 1853 eos
1143 1810 1391 1869 cupimus,
1432 1824 1534 1853 non
1575 1809 1780 1862 necari3

277 1894 370 1923 nec
429 1877 743 1940 disciplinam
803 1881 931 1924 circa
993 1895 1076 1925 eos
1135 1878 1341 1942 neglegi
1398 1878 1628 1925 volumus
1686 1894 1780 1924 nec

278 1948 539 2010 supplicia,
601 1966 732 2012 quae
795 1949 948 2012 digna
1010 1957 1146 2005 sunt,
1209 1954 1449 1997 exerceri.
1518 1949 1598 1996 Sic
1660 1966 1781 2014 ergo

280 2037 453 2067 eorum
497 2028 708 2082 peccata
763 2037 1045 2083 compesce,
1090 2029 1148 2068 ut
1201 2025 1302 2068 sint
1347 2039 1471 2085 quos
1514 2025 1782 2085 paeniteat

278 2109 580 2154 peccavisse.

231 2170 254 2208 2
345 2163 665 2221 Quaesumus
694 2166 866 2226 igitur,
896 2170 970 2219 ut,
1000 2181 1115 2210 cum
1145 2164 1387 2212 ecclesiae
1417 2182 1591 2212 causas
1622 2165 1783 2220 audis,

282 2234 563 2298 quamlibet
609 2234 812 2281 nefariis
857 2237 1047 2281 iniuriis
1093 2240 1378 2298 appetitam
1423 2237 1503 2283 vel
1546 2236 1784 2284 afflictam

284 2323 392 2352 esse
447 2309 758 2369 cognoveriS,
809 2313 1124 2368 potestatem
1176 2308 1437 2355 occidendi
1487 2315 1541 2354 te
1592 2307 1783 2354 habere

284 2376 607 2432 obliviscariS,
663 2380 967 2439 petitionem
1026 2386 1251 2425 nostram
1306 2396 1407 2426 non
1462 2379 1782 2426 obliviscaris.

817 2544 835 2566 ⁰
867 2538 996 2583 Luke
1017 2541 1073 2581 vi.
1095 2543 1242 2583 27-28.

295 2609 388 2653 184
