1866 2964
718 194 809 243 ST.
848 194 1260 243 AUGUSTINE

227 337 434 395 gratum
470 328 688 377 haberes
726 335 883 392 atque
921 328 1218 383 iucundum,
1253 327 1307 374 id
1345 333 1520 373 autem
1556 331 1653 382 est,
1689 330 1749 371 ut

229 416 360 445 vana
393 397 582 445 saeculi
614 396 782 452 huius,
817 399 857 443 si
890 399 1163 458 inexperta
1196 397 1497 458 concupisti,
1532 399 1750 457 experta

229 474 543 513 contemnas.
615 464 791 511 Fallax
829 471 909 511 est
951 467 1087 511 enim
1123 466 1175 510 in
1215 466 1286 510 eis
1324 465 1547 510 suavitas
1586 468 1641 508 et
1676 463 1750 507 in-

228 533 518 581 fructuosus
561 533 705 580 labor
749 540 803 579 et
845 539 1130 595 perpetuus
1173 534 1328 578 timor
1371 537 1426 578 et
1467 528 1752 593 periculosa

231 602 534 657 sublimitas,
582 604 787 647 initium
837 603 945 646 sine
994 599 1322 662 providentia
1371 605 1425 645 et
1473 598 1586 644 finis
1635 613 1752 644 cum

230 673 568 733 paenitentia.
641 669 723 715 Ita
774 684 827 715 se
878 667 1077 714 habent
1127 670 1315 723 omnia,
1367 682 1501 730 quae
1549 669 1604 712 in
1651 668 1752 711 ista

230 737 560 785 mortalitatis
595 753 841 783 aerumna
873 736 1105 798 cupidius
1139 752 1295 799 quam
1326 735 1633 797 prudentius
1667 749 1754 796 ap-

230 813 496 869 petuntur.
567 804 683 851 Alia
710 811 789 851 est
816 811 992 850 autem
1023 820 1138 866 spes
1168 806 1387 867 piorum,
1415 801 1542 848 alius
1566 800 1753 848 laboris

232 873 445 929 fructus,
465 873 561 920 alia
579 872 921 936 periculorum
942 888 1154 918 merces.
1225 871 1360 917 Nam
1374 874 1428 916 in
1444 869 1540 917 hoc
1559 869 1752 916 mundo

233 959 336 989 non
361 945 564 997 timere,
592 958 695 987 non
722 940 914 995 dolere,
941 957 1044 986 non
1069 939 1321 995 laborare,
1347 956 1451 985 non
1476 936 1755 1001 periclitari

232 1009 525 1073 inpossibile
565 1016 678 1064 est3
734 1009 825 1055 sed
860 1007 1136 1071 plurimum
1171 1010 1408 1062 interest,
1445 1023 1547 1069 qua
1581 1021 1752 1060 causa,

235 1095 337 1141 qua
362 1080 743 1141 expectatione,
769 1094 870 1140 quo
895 1079 1115 1122 termino
1141 1078 1358 1138 quisque
1382 1078 1483 1121 ista
1506 1076 1751 1137 patiatur.

236 1146 348 1210 Ego
393 1147 602 1210 quidem
646 1162 761 1191 cum
806 1151 1061 1190 amatores
1106 1143 1295 1190 saeculi
1339 1141 1488 1189 huius
1531 1145 1756 1196 intueor,

235 1217 405 1261 nescio
443 1214 647 1277 quando
678 1215 839 1275 possit
863 1229 972 1259 esse
998 1212 1063 1259 ad
1087 1228 1262 1258 eorum
1286 1214 1480 1257 animos
1503 1209 1756 1256 sanandos

237 1289 528 1345 opportuna
566 1284 834 1344 sapientia.
907 1280 1126 1338 Quando
1167 1283 1304 1326 enim
1341 1295 1423 1325 res
1462 1277 1605 1324 velut
1642 1293 1756 1340 pro-

235 1367 410 1413 speras
449 1349 662 1405 habent,
701 1347 839 1395 fastu
881 1355 1132 1411 respuunt
1171 1346 1397 1394 salubres
1435 1349 1660 1393 monitus
1704 1351 1759 1391 et

238 1421 382 1482 quasi
421 1417 607 1464 anilem
645 1424 892 1480 reputant
930 1416 1278 1471 cantilenam;
1334 1415 1540 1479 quando
1579 1420 1755 1460 autem

237 1490 290 1532 in
327 1487 550 1534 adversis
588 1493 866 1549 anguntur,
897 1487 1060 1548 magis
1097 1487 1329 1547 cogitant
1363 1483 1581 1530 evadere
1618 1481 1756 1528 unde

240 1555 305 1602 ad
343 1571 585 1617 praesens
619 1560 896 1617 anguntur,
934 1569 1087 1616 quam
1124 1568 1308 1614 capere
1346 1551 1483 1598 unde
1515 1556 1759 1596 curentur

241 1630 295 1669 et
331 1623 466 1670 unde
509 1625 813 1685 perveniant
862 1621 949 1666 ubi
987 1623 1105 1684 angi
1147 1623 1353 1666 omnino
1389 1635 1492 1665 non
1526 1623 1756 1681 possunt.

239 1690 530 1754 Aliquando
578 1697 755 1736 tamen
813 1689 1023 1751 quidam
1071 1688 1234 1735 cordis
1284 1704 1431 1734 aures
1483 1687 1759 1733 admovent

241 1766 398 1822 atque
438 1757 686 1805 adhibent
723 1760 930 1803 veritati
972 1759 1131 1803 rarius
1175 1758 1310 1802 inter
1351 1771 1612 1818 prospera,
1655 1769 1760 1800 cre-

241 1827 378 1873 brius
415 1830 550 1872 inter
587 1826 816 1881 adversa,
846 1825 937 1872 sed
966 1831 1142 1871 tamen
1175 1827 1324 1886 pauci
1353 1830 1490 1878 sunt,
1519 1825 1594 1869 ita
1624 1824 1760 1868 enim

240 1895 489 1958 praedicti
526 1901 663 1949 sunt,
688 1897 823 1940 inter
859 1909 984 1956 quos
1021 1900 1075 1939 te
1114 1909 1224 1939 esse
1261 1894 1427 1954 cupio,
1464 1893 1584 1954 quia
1619 1905 1760 1936 vera-

241 1967 369 2009 citer
417 1962 589 2026 diligo,
627 1963 831 2009 domine
873 1964 1083 2024 insignis
1127 1967 1180 2007 et
1220 1961 1660 2023 praestantissime
1702 1973 1760 2004 ac

243 2032 710 2078 desiderantissime
754 2029 837 2075 fili.
908 2029 1051 2075 Haec
1095 2029 1374 2075 admonitio
1415 2028 1511 2074 tibi
1544 2029 1611 2072 sit
1643 2041 1762 2072 mea

241 2098 559 2154 resalutatio,
585 2101 721 2161 quia,
749 2100 844 2144 etsi
870 2104 923 2143 te
950 2098 1191 2159 deinceps
1216 2095 1340 2142 talia
1363 2096 1566 2158 perpeti
1591 2091 1761 2157 qualia

311 2267 329 2285 ‘²
360 2261 453 2301 The
488 2260 649 2312 phrase
679 2260 824 2300 cordis
855 2272 984 2298 aures
1013 2270 1169 2299 occurs
1199 2257 1295 2298 first
1325 2259 1368 2297 in
1399 2255 1644 2298 Tertullian
1675 2255 1760 2307 (De

250 2317 342 2357 An.
372 2317 431 2368 9),
453 2315 558 2356 then
592 2317 633 2355 in
659 2315 902 2361 Juvencus‚
931 2316 971 2354 2.
1002 2316 1099 2354 812.
1165 2312 1206 2352 It
1237 2314 1273 2352 is
1305 2315 1382 2352 not
1411 2323 1684 2351 uncommon
1715 2311 1759 2350 in

255 2373 507 2423 Augustine
538 2369 690 2422 (Cous.
724 2371 750 2409 i.
782 2372 824 2416 5,
857 2371 912 2408 iv.
943 2371 982 2408 5.
1021 2372 1085 2414 10,
1110 2367 1163 2407 In
1195 2367 1269 2407 Ps.
1302 2370 1372 2413 48,
1396 2366 1533 2406 Serm.
1563 2369 1599 2412 l,
1621 2367 1672 2410 23
1705 2364 1759 2404 In

256 2426 378 2465 Joan.
403 2425 482 2465 Er.
511 2429 546 2464 l.
575 2427 638 2471 15,
661 2424 779 2475 eto),
796 2424 912 2462 from
933 2422 1080 2462 whom
1105 2424 1136 2461 it
1159 2434 1310 2473 passes
1332 2422 1425 2461 into
1445 2420 1520 2460 the
1543 2418 1759 2460 Benedic-

255 2482 346 2520 tine
388 2479 500 2519 Rule
540 2478 630 2519 and
670 2478 875 2530 Gregory
913 2477 988 2516 the
1028 2476 1205 2517 Great's
1245 2477 1461 2528 writings.
1527 2473 1758 2524 similarly

255 2535 509 2586 Augustine
530 2534 652 2573 often
675 2531 838 2585 speaks
859 2532 910 2571 of
925 2531 999 2571 the
1029 2531 1180 2571 oculus
1211 2531 1356 2570 cordis
1377 2529 1535 2582 (Serm.
1558 2527 1686 2569 Dom.
1711 2528 1759 2568 in

259 2589 425 2636 Monte,
449 2590 491 2628 ii.
519 2591 617 2635 1.1,
640 2588 693 2627 In
717 2587 838 2627 Ioan.
862 2586 943 2626 Ev.
972 2589 1035 2626 14.
1064 2587 1129 2632 12,
1157 2587 1220 2625 17.
1248 2586 1374 2632 1,18.
1399 2586 1439 2631 6,
1460 2582 1577 2634 etc.).

255 2660 349 2701 350
