1866 2964
772 181 862 229 ST.
901 181 1309 229 AUGUSTINE

286 318 405 379 quia
434 332 494 362 ea
522 315 744 370 dicebat,
774 331 905 378 quae
933 317 1041 377 ipse
1070 331 1171 361 non
1197 317 1356 377 possis
1383 331 1449 361 ne
1477 315 1685 378 quidem
1711 330 1795 360 me

284 394 576 454 inquirente
634 391 931 445 rescribere,
989 405 1055 435 ne
1112 396 1318 435 tuarum
1374 388 1602 446 laudum,
1660 389 1798 452 quod

286 473 464 512 sancta
485 468 732 528 scriptura
754 463 1010 527 prohibet,
1033 464 1179 511 fieres
1200 464 1536 527 praedicator.
1607 464 1799 523 Quam-

286 557 440 604 quam
483 547 536 586 et
579 556 675 603 ego
717 556 894 586 verear
935 538 1061 586 haec
1104 540 1169 586 ad
1209 546 1264 586 te
1305 540 1543 595 scribere,
1584 555 1650 586 ne
1691 556 1798 586 sus-

284 619 538 679 picionem
589 614 843 662 adulantis
893 618 1164 671 incurram,
1214 615 1419 661 domine
1467 614 1692 661 inlustris
1743 622 1797 662 et

283 695 469 738 merito
511 693 952 754 praestantissime
997 698 1154 754 atque
1197 693 1250 737 in
1293 689 1480 737 Christi
1524 690 1796 738 dilectione

285 771 540 814 carissime
567 766 651 813 fili.

233 849 259 888 2
350 842 552 889 Laudes
589 845 766 905 itaque
806 848 921 888 tuas
961 844 1014 887 in
1054 839 1272 897 Christo,
1299 844 1403 888 sive
1442 844 1605 905 magis
1645 844 1697 887 in
1737 848 1792 888 te

284 918 460 965 laudes
499 917 702 973 Christi,
742 917 856 964 vide
897 917 1020 980 quid
1051 915 1175 962 mihi
1215 916 1570 964 delectationis
1606 923 1659 963 et
1691 916 1794 963 lae-

283 996 431 1040 titiae
471 991 569 1039 fuit
604 992 779 1039 audire
818 992 882 1038 ab
918 991 1002 1038 illo
1036 995 1123 1055 qui
1156 1008 1250 1038 nec
1286 990 1463 1039 fallere
1499 1008 1583 1038 me
1619 998 1794 1055 posset

285 1075 496 1132 propter
540 1067 694 1114 fidem
742 1084 903 1122 suam,
955 1074 1008 1113 et
1060 1083 1144 1114 eas
1193 1069 1429 1131 ignorare
1472 1083 1574 1113 non
1621 1073 1795 1129 posset

285 1150 496 1207 propter
535 1146 811 1189 amicitiam
850 1149 1009 1189 tuam.
1081 1141 1183 1189 Sed
1221 1141 1318 1188 alia
1357 1148 1411 1189 et
1449 1143 1514 1189 ab
1553 1141 1660 1189 aliis
1701 1145 1796 1189 etsi

286 1236 388 1265 non
413 1226 522 1265 tam
559 1217 723 1264 multa
760 1216 840 1264 vel
877 1224 1035 1273 certa,
1067 1234 1243 1264 verum
1279 1224 1457 1264 tamen
1494 1217 1797 1274 audivimus,

288 1294 412 1341 fides
447 1300 537 1340 tua
573 1310 727 1356 quam
761 1296 826 1339 sit
861 1309 984 1339 sana
1018 1299 1072 1339 et
1105 1291 1372 1348 catholica,
1406 1309 1560 1356 quam
1592 1295 1678 1356 pia
1712 1308 1798 1340 ex·-

284 1372 511 1432 pectatio
555 1367 861 1424 futurorum,
906 1384 1038 1431 quae
1083 1368 1166 1414 dei
1209 1366 1529 1431 fratrumque
1573 1367 1798 1424 dilectio,

286 1461 439 1508 quam
474 1461 576 1491 non
610 1444 828 1506 superbe
863 1446 1028 1505 sapias
1062 1446 1115 1488 in
1150 1442 1361 1489 excelsis
1394 1441 1668 1490 honoribus
1702 1459 1798 1490 nec

286 1537 458 1584 speres
485 1523 537 1566 in
563 1523 758 1566 incerto
785 1520 1076 1566 divitiarum
1103 1519 1195 1566 sed
1218 1521 1271 1565 in
1296 1519 1393 1566 deo
1420 1521 1549 1575 vivo,
1576 1525 1630 1566 et
1657 1519 1797 1566 dives

287 1600 351 1643 sis
388 1600 440 1642 in
478 1597 715 1658 operibus
753 1596 916 1651 bonis,
955 1612 1109 1658 quam
1147 1598 1213 1641 sit
1250 1595 1429 1641 domus
1467 1601 1559 1641 tua
1594 1598 1797 1658 requies

286 1671 630 1734 solaciumque
667 1677 957 1717 sanctorum
995 1677 1048 1716 et
1082 1677 1245 1716 terror
1279 1673 1567 1733 impiorum,
1603 1677 1799 1733 quanta

286 1747 379 1793 tibi
413 1763 533 1792 cura
565 1749 647 1802 sit,
681 1762 745 1791 ne
781 1748 890 1808 quis
923 1745 1191 1791 insidietur
1223 1745 1463 1791 membris
1499 1743 1685 1792 Christi
1717 1762 1798 1792 co-

286 1829 493 1884 opertus
533 1820 785 1867 velamine
824 1823 1039 1866 nominis
1079 1819 1267 1866 Christi
1305 1823 1408 1867 sive
1447 1823 1499 1866 in
1536 1821 1796 1868 veteribus

287 1901 393 1944 eius
447 1900 551 1944 Sive
606 1900 657 1943 in
710 1897 1079 1943 recentioribus
1131 1899 1363 1952 inimicis,
1418 1913 1675 1960 quamque
1729 1899 1795 1943 sis

287 1973 566 2020 eorundem
588 1975 906 2018 inimicorum
930 1971 1081 2018 saluti
1103 1971 1360 2034 providus,
1383 1970 1599 2018 infestus
1624 1975 1794 2019 errori.

286 2049 429 2095 Haec
460 2056 617 2112 atque
648 2047 795 2094 huius
825 2047 980 2103 modi,
1013 2054 1072 2094 ut
1101 2046 1224 2103 dixi,
1258 2054 1312 2094 et
1344 2048 1408 2094 ab
1439 2046 1546 2094 aliis
1577 2046 1796 2094 solemus

287 2125 480 2180 audire,
511 2124 602 2171 sed
631 2140 765 2170 nunc
796 2140 857 2170 ea
886 2139 977 2186 per
1006 2139 1159 2186 supra
1188 2123 1381 2170 dictum
1410 2121 1623 2170 fratrem
1652 2122 1799 2186 plura

288 2206 341 2246 et
366 2202 638 2246 testatiora
662 2201 1005 2262 cognovimus.

235 2281 259 2321 3
351 2274 503 2322 Porro
528 2281 702 2321 autem
727 2274 789 2321 de
813 2274 1059 2336 pudicitia
1081 2272 1350 2337 coniugali,
1373 2280 1432 2320 ut
1455 2290 1569 2320 eam
1592 2290 1796 2337 quoque

345 2449 363 2467 ‘²
397 2443 523 2484 Prov.
555 2445 685 2484 xxvii.
717 2445 742 2483 2
774 2442 900 2484 “Let
930 2442 1118 2484 another
1147 2456 1252 2484 man
1282 2444 1427 2496 praise
1456 2442 1573 2492 thee,
1594 2442 1685 2484 and
1715 2446 1794 2484 not

289 2498 411 2538 thine
432 2511 531 2537 own
555 2498 761 2538 mouth.'’

348 2553 364 2578 b
401 2556 417 2592 1
443 2551 557 2593 Tim.
581 2554 638 2593 vi.
666 2555 807 2594 17-18.

293 2627 387 2676 346
