1866 2964
770 173 860 220 ST.
898 174 1306 221 AEGL'STINE

234 314 258 352 3
347 304 448 352 Sed
489 305 616 352 haec
656 309 886 369 quamvis
924 314 1072 369 grate
1113 314 1324 369 accepta
1364 305 1574 362 fuerint,
1613 314 1791 353 tamen

286 377 403 436 quia
435 377 585 436 pauci
617 382 981 430 convenerant,
1012 392 1114 421 non
1147 383 1257 421 erat
1290 374 1610 422 satisfactum
1642 382 1791 421 tanto

284 446 509 505 negotio.
580 442 685 488 Iste
712 450 886 488 autem
912 459 1078 489 sermo
1103 460 1215 489 cum
1252 444 1316 489 ab
1350 446 1421 489 eis
1456 446 1541 506 qui
1575 443 1791 490 aderant

283 526 373 572 pro
411 514 656 572 cuiusque
693 509 942 557 facultate
981 528 1038 556 ac
1075 511 1245 558 studio
1281 510 1401 557 foris
1438 510 1792 565 ventilaretur,

282 577 471 624 multos
519 577 700 624 habuit
749 579 1164 625 contradictores.
1233 578 1420 625 Postea
1467 596 1587 625 vero
1636 596 1789 641 quam

283 646 391 692 dies
419 646 842 709 quadragesimae
868 646 1136 693 inluxisset
1165 654 1217 693 et
1244 646 1486 710 frequens
1512 645 1791 693 multitudo

284 714 349 760 ad
386 712 563 760 horam
601 718 922 760 tractationis
959 718 1194 770 occurrit,
1230 714 1422 761 lectum
1462 722 1540 762 est
1575 714 1701 762 illud
1737 718 1789 760 in

284 781 567 845 evangelio,
593 783 679 828 ubi
704 783 937 829 dominus
962 783 1025 829 de
1051 782 1246 845 templo
1271 782 1494 846 expulsis
1517 784 1792 830 venditori-

282 850 375 895 bus
395 849 689 896 animalium
708 858 761 896 et
781 854 966 897 eversis
983 855 1172 897 mensis
1189 851 1642 898 nummulariorum
1661 851 1793 898 dixit

282 917 490 963 domum
530 922 689 980 patris
730 922 806 964 sui
845 936 936 981 pro
977 920 1128 965 domo
1167 923 1455 966 orationum
1495 919 1790 982 speluncam

282 984 537 1031 latronum
582 1002 692 1032 esse
734 985 942 1032 factam.
1012 987 1163 1045 Quod
1203 987 1503 1050 capitulum,
1545 1004 1660 1034 cum
1705 1004 1790 1034 eos

281 1056 510 1100 intentos
556 1058 816 1116 proposita
863 1054 1176 1101 vinulentiae
1224 1059 1526 1118 quaestione
1572 1054 1689 1110 feci,
1738 1062 1792 1101 et

280 1124 389 1183 ipse
424 1138 628 1184 quoque
658 1125 868 1168 recitavi
898 1123 1210 1186 adiunxique
1240 1124 1661 1186 disputationem,
1691 1140 1792 1186 qua

281 1190 628 1245 ostenderem,
662 1198 856 1253 quanto
889 1195 1192 1237 commotius
1227 1199 1281 1238 et
1314 1190 1671 1238 vehementius
1705 1192 1793 1238 do-

282 1261 447 1303 minus
495 1265 670 1304 noster
718 1259 915 1304 ebriosa
962 1263 1207 1314 convivia,
1255 1276 1386 1322 quae
1434 1261 1625 1322 ubique
1672 1266 1793 1306 sunt

282 1328 470 1387 turpia,
505 1326 568 1372 de
604 1326 799 1388 templo
834 1326 1136 1389 expelleret,
1169 1328 1305 1374 unde
1340 1331 1409 1374 sic
1444 1327 1643 1390 expulit
1675 1344 1792 1374 con-

283 1409 424 1439 cessa
466 1397 787 1449 commercia,
824 1412 938 1440 cum
983 1412 1043 1441 ea
1085 1396 1432 1442 venderentur
1473 1413 1606 1459 quae
1643 1398 1794 1442 sacri-

284 1461 406 1507 ficiis
437 1461 521 1507 illo
555 1469 787 1524 tempore
818 1462 967 1509 licitis
1001 1471 1174 1509 essent
1204 1467 1508 1519 necessaria,
1540 1480 1792 1527 quaerens

283 1529 347 1575 ab
380 1532 451 1574 eis
488 1531 672 1592 quibus
708 1530 999 1577 similiorem
1035 1539 1283 1594 putarent
1313 1531 1608 1594 speluncam
1638 1531 1793 1578 latro-

280 1614 403 1642 num
443 1601 727 1644 necessaria
767 1599 1108 1646 vendentibus
1147 1617 1211 1645 an
1250 1601 1572 1647 inmoderate
1614 1601 1792 1647 biben-

283 1666 437 1711 tibus.

233 1740 259 1776 4
347 1732 417 1778 Et
480 1736 720 1795 quoniam
779 1733 903 1779 mihi
965 1742 1304 1797 praeparatae
1366 1735 1612 1782 lectiones
1675 1753 1792 1800 sug-

283 1801 543 1863 gerendae
578 1802 911 1857 tenebantur‚
947 1803 1156 1849 adiunxi
1197 1804 1384 1850 deinde
1422 1807 1588 1866 ipsum
1626 1803 1792 1850 adhuc

281 1868 537 1914 carnalem
584 1868 830 1931 populum
880 1870 1187 1917 Iudaeorum
1233 1875 1286 1917 in
1331 1871 1417 1917 illo
1462 1871 1658 1934 templo
1705 1872 1792 1918 ubi

283 1937 509 1982 nondum
545 1953 724 1999 corpus
761 1945 815 1984 et
862 1942 1068 2002 sanguis
1103 1940 1294 1985 domini
1327 1938 1655 1995 offerebatur,
1689 1957 1790 1986 non

282 2003 444 2050 solum
491 2004 755 2051 vinulenta
801 2006 892 2052 sed
939 2023 1033 2052 nec
1079 2008 1246 2053 sobria
1292 2008 1499 2070 quidem
1546 2024 1791 2071 umquam

282 2071 567 2118 celebrasse
593 2076 819 2119 convivia
845 2090 939 2120 nec
965 2091 1050 2120 eos
1075 2074 1276 2137 publice
1301 2075 1558 2138 religionis
1583 2079 1787 2122 nomine

281 2140 559 2186 inebriatos
580 2143 793 2186 inveniri
814 2144 865 2186 in
887 2140 1115 2198 historia,
1135 2146 1229 2189 nisi
1250 2160 1365 2189 curn
1386 2142 1521 2190 festa
1540 2141 1790 2190 fabricato

279 2207 413 2254 idolo
431 2207 771 2255 exsolverent.
833 2209 979 2267 Quae
999 2227 1114 2256 cum
1132 2211 1373 2267 dicerem,
1388 2212 1614 2258 codicem
1632 2215 1789 2258 etiam

284 2279 457 2338 accepi
485 2283 539 2322 et
564 2280 774 2323 recitavi
801 2283 968 2323 totum
995 2277 1137 2324 illum
1163 2278 1345 2325 locum.
1414 2279 1605 2326 Addidi
1632 2283 1789 2326 etiam

282 2359 397 2388 cum
423 2343 614 2399 dolore,
640 2361 740 2407 quo
765 2348 928 2407 potui,
954 2350 1194 2408 quoniam
1221 2346 1479 2409 apostolus
1505 2351 1577 2394 ait
1603 2348 1668 2394 ad
1692 2348 1791 2395 dis-

343 2445 361 2463 α
397 2440 529 2480 Matt.
553 2442 637 2481 xxi.
665 2444 805 2482 12-13.

344 2494 360 2517 ὁ
393 2495 613 2543 Historia,
639 2496 714 2536 the
740 2496 966 2538 historical
990 2497 1136 2539 books
1161 2499 1212 2539 of
1232 2498 1308 2540 the
1335 2498 1477 2546 Bible‚
1503 2499 1648 2540 which
1674 2514 1789 2541 were

284 2561 343 2589 on
364 2562 392 2589 a
412 2554 615 2602 separate
635 2552 779 2591 codex.
1209 2558 1224 2578 ⁶
1258 2552 1399 2594 Exod.
1421 2555 1550 2594 xxxii.
1574 2556 1613 2594 6.

287 2617 348 2662 72
