1866 2964
781 181 872 228 ST.
910 181 1318 229 AUGUSTINE

295 321 443 360 tuum
472 317 671 377 patriae
696 317 912 360 caritate
942 330 1036 360 nec
1064 317 1218 361 miror
1244 321 1297 361 et
1324 313 1495 370 laudo,
1513 322 1673 378 teque
1701 332 1803 362 non

294 389 500 429 tantum
526 389 706 429 tenere
732 385 1030 429 memoriter
1054 399 1230 429 verum
1257 385 1415 429 etiam
1441 386 1545 429 vita
1573 400 1630 430 ac
1654 386 1805 430 mori-

294 451 388 496 bus
419 451 790 505 demonstrare,
821 451 958 513 quod
987 449 1153 497 nullus
1184 454 1249 497 sit
1279 454 1478 513 patriae
1508 451 1804 505 consulendi

292 518 473 565 modus
497 525 587 565 aut
610 518 721 564 finis
742 519 906 573 bonis,
929 535 1030 564 non
1062 521 1250 565 invitus
1271 522 1427 565 immo
1450 522 1608 565 etiam
1638 519 1803 566 libens

294 589 499 649 accipio.
571 586 723 633 Unde
755 603 1007 649 supernae
1039 587 1301 633 cuiusdam
1331 590 1549 649 patriae,
1578 590 1632 633 in
1660 591 1802 634 cuius

292 661 469 701 sancto
496 671 667 701 amore
692 671 783 716 pro
813 661 986 701 nostro
1011 654 1218 701 modulo
1249 658 1386 701 inter
1411 671 1496 702 eos
1526 656 1709 719 quibus
1736 656 1802 703 ad

289 721 429 768 illam
473 723 840 785 capessendam
884 722 1209 778 consulimus,
1250 723 1599 785 periclitamur
1642 730 1801 787 atque

290 789 598 846 laboramUS,
620 790 779 837 talem
804 794 961 837 etiam
983 798 1037 837 te
1059 794 1227 853 ipsum
1249 794 1412 837 civem
1434 790 1626 838 habere
1648 791 1802 838 velle-

288 875 419 914 mus,
452 862 651 907 ut.eius
682 858 1037 921 portiunculae
1069 862 1122 905 in
1153 857 1248 905 hac
1280 866 1419 906 terra
1449 863 1800 923 peregrinanti

288 925 483 972 nullum
518 926 815 974 consulendi
847 927 1055 974 modum
1083 927 1340 990 finemque
1373 944 1626 983 censeres,
1650 935 1799 975 tanto

289 993 500 1042 effectus
528 994 725 1051 melior,
756 1001 949 1058 quanto
978 994 1173 1042 meliori
1203 999 1399 1042 civitati
1426 996 1588 1042 officia
1623 996 1801 1043 debita

286 1079 638 1126 praerogares,
666 1067 718 1108 in
757 1066 864 1109 eius
903 1070 1115 1109 aeterna
1151 1080 1278 1126 pace
1316 1063 1511 1110 nullum
1539 1065 1798 1128 gaudendi

286 1130 441 1177 finem
469 1134 787 1187 inventurUS,
816 1134 957 1178 cuius
988 1132 1052 1178 ad
1081 1138 1286 1194 tempus
1314 1131 1571 1179 laboribus
1600 1131 1794 1180 nullum

285 1199 381 1245 tibi
405 1199 559 1245 finem
584 1203 825 1246 statueris
849 1199 1161 1246 consulendi.

235 1272 260 1310 2
349 1266 540 1313 Verum
571 1266 666 1314 hoc
698 1268 860 1314 donec
892 1268 1218 1331 fiat—neque
1251 1270 1387 1314 enim
1418 1268 1796 1331 desperandum

287 1341 366 1380 est
406 1334 544 1381 illam
586 1343 640 1382 te
681 1339 903 1397 patriam
943 1352 1092 1398 posse
1135 1336 1405 1399 adquirere
1445 1336 1528 1382 vel
1565 1339 1668 1382 iam
1710 1337 1798 1384 ad-

284 1403 586 1464 quirendam
609 1404 1007 1466 prudentissime
1031 1407 1278 1467 cogitare,
1302 1405 1368 1451 ad
1391 1421 1545 1468 quam
1568 1411 1623 1452 te
1646 1411 1798 1467 pater

284 1473 460 1526 etiam,
486 1475 572 1535 qui
596 1475 648 1517 in
672 1475 770 1518 ista
795 1475 995 1535 genuit,
1021 1471 1460 1519 antecessit—hoc
1486 1489 1608 1537 ergo
1633 1473 1797 1520 donec

284 1537 392 1594 fiat,
429 1540 495 1586 da
531 1540 676 1586 nobis
712 1543 933 1595 veniam,
970 1543 1011 1586 si
1046 1547 1258 1603 propter
1291 1544 1512 1603 patriam
1549 1548 1796 1598 nostram,

283 1623 437 1668 quam
482 1611 712 1669 cupimus
758 1625 1038 1671 numquam
1082 1608 1390 1671 relinquere,
1434 1612 1794 1656 contristamus

281 1677 502 1736 patriam
524 1683 686 1731 tuam,
709 1693 862 1738 quam
885 1679 1025 1738 cupis
1047 1675 1317 1723 florentem
1338 1675 1642 1740 relinquere.
1711 1677 1794 1725 De

281 1745 421 1789 cuius
453 1744 659 1806 quidem
691 1743 896 1790 floribus
927 1747 966 1790 si
996 1761 1110 1790 cum
1141 1751 1233 1790 tua
1261 1745 1538 1807 prudentia
1566 1746 1794 1808 dispute-

281 1827 411 1866 mus,
436 1828 538 1857 non
564 1819 641 1858 est
667 1812 946 1858 verendum
973 1828 1037 1858 ne
1063 1813 1157 1858 tibi
1190 1812 1388 1859 difficile
1420 1813 1794 1876 persuadeatur

282 1885 372 1925 aut
398 1895 517 1925 vero
546 1883 703 1926 etiam
731 1897 832 1926 non
858 1879 1006 1926 facile
1034 1887 1284 1937 occurrat,
1310 1897 1465 1944 quem
1493 1881 1558 1928 ad
1582 1882 1793 1929 modum

281 1945 461 1993 florere
487 1951 664 1994 civitas
691 1948 898 1994 debeat.
969 1947 1401 1995 Commemoravit
1425 1956 1582 2012 poeta
1604 1949 1689 1996 ille
1708 1967 1794 1996 ve-

280 2021 503 2061 strarum
526 2015 829 2062 clarissimus
844 2015 1133 2062 litterarum
1151 2017 1399 2079 quosdam
1414 2016 1563 2064 flores
1579 2017 1761 2064 Italiae
1782 2034 1794 2073 ;

344 2128 361 2146 ‘¹
393 2123 552 2175 virgil,
569 2124 683 2164 Aen.
702 2126 774 2164 vii.
791 2127 979 2164 643-644
1003 2125 1028 2140 ‘⁶
1045 2124 1209 2175 quibus
1225 2124 1339 2165 Itala
1356 2127 1444 2165 iam
1462 2129 1558 2165 tum
1573 2125 1792 2166 Floruerit

283 2180 398 2217 terra
428 2177 547 2218 alma
573 2180 691 2225 viris,
723 2178 887 2230 quibus
917 2180 1072 2219 arserit
1102 2180 1284 2220 armis.'’
1345 2179 1432 2220 For
1461 2180 1535 2220 the
1566 2180 1789 2221 readiness

285 2232 390 2271 with
413 2232 557 2272 which
578 2233 830 2285 Angustine
859 2237 1015 2284 quotes
1040 2233 1184 2285 virgil
1213 2247 1422 2286 compare
1452 2234 1538 2274 No.
1570 2238 1612 2283 5,
1642 2248 1686 2286 p.
1716 2237 1786 2276 21.

282 2284 453 2326 Earlier
482 2289 526 2326 in
554 2286 631 2327 life
660 2288 914 2340 Augustine
943 2286 1032 2327 had
1067 2287 1179 2328 been
1209 2288 1398 2329 devoted
1433 2293 1481 2329 to
1510 2288 1671 2341 Virgil,
1699 2288 1789 2329 and

280 2344 326 2379 at
355 2340 654 2381 Cassiciacum
695 2341 749 2382 he
779 2341 868 2381 had
898 2346 1027 2394 spent
1065 2342 1198 2383 much
1223 2345 1330 2383 time
1358 2342 1545 2396 reading
1581 2343 1657 2384 the
1685 2348 1790 2396 poet

280 2393 352 2439 (C.
375 2396 517 2435 Acad.
544 2398 570 2436 i.
598 2399 661 2436 15.
684 2400 724 2443 5,
747 2396 812 2436 De
838 2396 945 2437 Orci.
968 2398 1010 2436 ii.
1035 2399 1104 2436 20.
1131 2397 1220 2448 54),
1241 2397 1323 2438 but
1345 2396 1455 2438 later
1479 2397 1533 2438 he
1555 2397 1717 2439 tended
1740 2402 1787 2439 to

279 2447 453 2501 despise
482 2449 541 2489 all
578 2450 653 2491 the
682 2464 831 2504 pagan
861 2449 1039 2491 classics
1072 2450 1224 2504 (Cons.
1256 2454 1282 2492 i.
1318 2455 1383 2492 13.
1412 2452 1579 2503 20-22).
1652 2452 1785 2500 Here,

282 2501 555 2544 Nectarius’s
576 2518 652 2545 use
674 2505 724 2544 of
749 2505 823 2544 the
844 2505 965 2545 word
980 2505 1155 2556 florere,
1179 2507 1203 2521 ‘⁴
1220 2506 1414 2552 flower‚'’
1443 2519 1493 2546 or
1514 2506 1538 2522 “
1554 2506 1785 2554 flourish,”

277 2557 327 2596 of
353 2557 419 2598 his
444 2572 542 2598 own
565 2561 773 2610 province
796 2558 949 2602 recalls
977 2563 1022 2602 to
1052 2559 1304 2613 Augustine
1326 2559 1509 2615 Virgil's
1536 2574 1612 2602 use
1637 2560 1688 2603 of
1712 2560 1787 2603 the

285 2628 376 2672 15⁶2
