1866 2964
754 192 845 239 ST.
883 192 1291 240 AUGUSTINE

271 323 384 371 Non
403 325 496 371 tibi
515 324 611 371 vile
630 328 696 371 sit
714 341 882 387 neque
902 324 1308 387 contemptibile,
1327 325 1395 371 fili
1413 324 1775 372 honorabiliter

270 406 613 462 dilectissime,
650 407 787 470 quod
822 424 907 453 vos
950 424 1187 471 rogamus
1230 424 1294 454 ne
1334 408 1644 463 occidantur,
1679 424 1772 469 pro

270 489 452 552 quibus
483 489 745 536 dominum
780 506 1017 553 rogamus
1055 497 1113 536 ut
1141 493 1471 553 corrigantur.
1541 490 1774 552 Excepto

272 575 444 627 etiam,
497 572 633 634 quod
687 588 715 617 a
767 579 1019 634 perpetuo
1071 575 1330 634 proposito
1383 572 1623 618 recedere
1673 588 1775 618 non

268 654 514 700 debemus
551 653 761 700 vincendi
796 653 844 700 in
881 653 996 700 bono
1034 654 1223 710 malum,
1259 654 1383 701 illud
1419 671 1621 717 quoque
1657 671 1774 716 pru-

268 736 443 782 dentia
462 744 552 783 tua
579 739 772 800 cogitet
792 736 929 799 quod
945 753 1120 782 causas
1139 736 1502 783 ecclesiasticas
1518 739 1773 782 insinuare

267 819 406 865 vobis
438 835 588 865 nemo
619 825 826 881 praeter
858 818 1223 865 ecclesiasticos
1255 826 1415 866 curat.
1484 818 1702 865 Proinde
1733 821 1774 864 si

268 901 569 948 occidendos
609 904 661 947 in
699 899 775 946 his
815 899 1045 947 homines
1084 904 1405 963 putaveritis,
1445 901 1771 948 deterrebitis

268 1000 376 1040 nos,
415 1000 480 1030 ne
519 999 611 1046 per
650 1000 859 1046 operam
897 990 1125 1030 nostram
1165 984 1230 1030 ad
1268 991 1495 1030 vestrum
1532 983 1774 1030 iudicium

268 1064 459 1129 aliquid
489 1064 593 1112 tale
623 1068 908 1128 perveniat,
941 1082 1040 1128 quo
1071 1072 1333 1128 comperto
1363 1065 1433 1112 illi
1462 1068 1515 1111 in
1544 1072 1771 1112 nostram

266 1151 544 1210 perniciem
559 1147 822 1194 licentiore
843 1147 1053 1194 audacia
1070 1148 1773 1211 grassabuntur,necessitate

266 1230 410 1276 nobis
433 1233 658 1293 impacta
681 1236 739 1276 ut
764 1232 921 1276 etiam
945 1230 1103 1276 occidi
1137 1230 1201 1276 ab
1227 1233 1297 1276 eis
1332 1229 1596 1294 eligamus,
1620 1245 1774 1292 quam

268 1329 352 1359 eos
408 1312 709 1359 occidendos
765 1315 945 1358 vestris
1000 1312 1195 1358 iudiciis
1250 1315 1557 1376 ingeramus.
1627 1311 1774 1357 Hanc

266 1395 684 1450 admonitionem,
711 1397 1035 1457 petitionem,
1063 1395 1468 1441 obsecrationem
1494 1410 1664 1440 meam
1689 1410 1773 1449 ne,

267 1494 474 1540 quaeso,
519 1483 853 1539 aspernanter
895 1479 1125 1539 accipias.
1196 1476 1378 1540 Neque
1422 1480 1557 1523 enim
1599 1483 1653 1523 te
1697 1493 1774 1522 ar-

265 1560 425 1606 bitror
447 1576 548 1606 non
569 1558 792 1606 recolere
815 1576 1056 1622 magnam
1081 1576 1163 1605 me
1191 1558 1255 1605 ad
1277 1566 1331 1606 te
1356 1566 1409 1606 et
1430 1558 1592 1606 multo
1619 1575 1772 1622 quam

264 1659 397 1689 nunc
436 1659 487 1688 es
526 1641 675 1688 altius
714 1641 1061 1697 sublimatum,
1097 1644 1253 1687 etiam
1291 1645 1330 1688 si
1369 1645 1632 1704 episcopus
1671 1658 1772 1687 non

267 1741 447 1779 essem,
489 1724 725 1771 fiduciam
765 1731 941 1770 tamen
981 1723 1170 1770 habere
1217 1727 1459 1786 potuisse.
1545 1723 1660 1770 Cito
1698 1727 1772 1769 in-

263 1811 414 1854 terim
444 1824 536 1869 per
567 1807 734 1853 edicta
761 1806 1095 1853 excellentiae
1122 1814 1243 1853 tuae
1268 1810 1502 1853 noverint
1526 1805 1770 1853 haeretici

265 1890 571 1936 Donatistae
597 1905 805 1935 manere
831 1888 972 1952 leges
999 1896 1175 1935 contra
1202 1906 1424 1935 errorem
1449 1905 1596 1936 suum
1621 1887 1770 1944 latas,

264 1989 388 2035 quas
421 1975 522 2017 iam
555 1970 679 2017 nihil
712 1970 881 2018 valere
915 1971 1228 2018 arbitrantur
1261 1978 1315 2018 et
1346 1974 1559 2028 iactant,
1591 1987 1656 2018 ne
1689 1970 1769 2018 vel

263 2058 332 2101 sic
382 2055 525 2101 nobis
576 2070 785 2116 parcere
837 2053 1159 2116 aliquatenus
1210 2057 1421 2116 possint.
1490 2053 1768 2100 Plurimum

263 2145 438 2184 autem
464 2136 662 2183 labores
691 2143 744 2183 et
769 2135 994 2198 pericula
1021 2143 1211 2192 nostra,
1238 2153 1338 2199 quo
1365 2135 1623 2183 fructuosa
1648 2139 1768 2192 sint,

267 2219 546 2274 adiuvabis,
569 2222 609 2265 si
641 2235 815 2265 eorum
850 2221 1172 2264 vanissimam
1208 2225 1261 2265 et
1282 2221 1469 2280 impiae
1499 2218 1766 2280 superbiae

262 2301 606 2364 plenissimam
626 2307 819 2347 sectam
839 2317 940 2346 non
955 2304 1028 2347 ita
1044 2316 1187 2346 cures
1207 2299 1549 2363 imperialibus
1568 2299 1765 2363 legibus

263 2386 541 2446 comprimi,
580 2390 638 2429 ut
675 2383 769 2428 sibi
807 2382 887 2428 vel
924 2386 1024 2429 suis
1062 2382 1333 2429 videantur
1369 2381 1764 2446 qualescumque

261 2465 517 2512 molestias
555 2482 645 2527 pro
683 2468 902 2511 veritate
941 2471 1098 2527 atque
1135 2467 1332 2511 iustitia
1368 2467 1636 2520 sustinere,
1674 2464 1764 2511 sed

823 2579 841 2600 ⁰
870 2573 1002 2615 Rom.
1024 2574 1097 2616 xii.
1120 2575 1188 2615 21.

272 2639 363 2688 186
