1866 2964
756 237 846 283 ST.
884 236 1294 284 AUGUSTINE

269 369 581 416 dissensione
621 368 995 416 ordinatissime
1034 367 1395 416 conferremus.
1466 369 1628 416 Gesta
1665 385 1782 416 con-

267 454 457 514 scripta
488 458 625 508 sunt,
658 457 864 498 nostrae
899 454 1053 498 etiam
1089 452 1484 514 subscriptiones
1517 458 1779 498 tenentur.

270 533 411 598 Lege
441 533 521 580 vel
552 541 734 597 patere
765 541 823 580 ut
856 534 950 580 tibi
982 533 1203 597 legatur,
1233 541 1286 580 et
1319 541 1442 580 tunc
1477 533 1608 597 elige
1643 520 1780 597 quod

269 615 500 662 volueris.
571 616 759 663 Audivi
790 616 928 679 quod
958 616 1144 663 dixeris
1170 633 1319 678 posse
1349 623 1404 663 te
1427 616 1691 662 nobiscum
1715 616 1780 663 de

269 700 389 760 ipsis
424 701 584 762 gestis
628 697 819 762 aliquid
863 714 1034 762 agere,
1070 701 1110 744 si
1145 701 1443 745 omittamus
1485 699 1642 745 verba
1677 701 1781 760 epi-

269 797 535 843 scoporum
589 787 891 836 vestrorum,
940 781 1027 826 ubi
1081 781 1358 827 dixerunt:
1419 779 1447 796 “
1473 780 1582 827 Nec
1629 797 1782 827 causa

267 879 450 909 causae
491 879 586 909 nec
625 879 843 925 persona
889 879 1138 925 personae
1181 861 1551 926 praeiudicat.”
1637 862 1782 909 Haec

268 945 423 991 verba
457 948 527 992 vis
561 948 878 1001 omittamus,
911 945 995 992 ubi
1029 962 1121 1008 per
1155 962 1239 992 eos
1272 948 1560 992 nescientes
1593 948 1780 992 veritas

267 1030 377 1090 ipsa
398 1026 570 1074 locuta
595 1034 688 1074 est.
760 1027 862 1075 Sed
884 1035 943 1075 tu
967 1028 1193 1075 dicturus
1219 1044 1271 1074 es
1294 1027 1375 1074 hic
1400 1044 1484 1074 eos
1510 1044 1703 1074 errasse
1728 1033 1783 1074 et

266 1112 319 1155 in
344 1108 525 1156 falsam
550 1113 865 1157 sententiam
888 1113 1141 1157 incautius
1168 1110 1408 1157 cecidisse
1434 1125 1446 1166 ;
1488 1127 1578 1157 nos
1606 1117 1782 1156 autem

267 1192 479 1239 dicimus
511 1191 606 1239 hoc
639 1209 724 1239 eos
756 1209 932 1239 verum
964 1193 1150 1240 dixisse
1190 1200 1243 1239 et
1282 1191 1377 1239 hoc
1407 1209 1499 1255 per
1529 1199 1584 1239 te
1614 1195 1781 1255 ipsum

267 1273 505 1321 facillime
544 1275 834 1338 probamus.
906 1274 956 1321 Si
997 1279 1133 1322 enim
1174 1278 1396 1338 episcopi
1435 1278 1591 1322 vestri
1630 1274 1782 1321 electi

269 1358 333 1403 ab
388 1360 624 1404 universa
677 1365 826 1421 parte
882 1358 1094 1414 Donati,
1151 1361 1237 1421 qui
1292 1374 1498 1404 causam
1552 1360 1779 1404 omnium

267 1442 581 1486 sustinerent
609 1446 680 1496 et,
707 1443 747 1486 si
775 1440 898 1503 quid
926 1443 1170 1504 egissent,
1196 1447 1403 1504 gratum
1431 1446 1485 1486 et
1512 1447 1781 1503 acceptum

267 1525 425 1568 ceteri
462 1520 732 1578 haberent,
769 1529 948 1568 tamen
985 1525 1037 1567 in
1075 1539 1135 1569 eo
1172 1522 1310 1585 quod
1345 1521 1454 1568 illos
1490 1529 1688 1569 temere
1726 1529 1781 1568 et

267 1620 370 1649 non
410 1610 551 1650 recte
594 1604 781 1651 dixisse
825 1604 1101 1660 arbitraris,
1143 1621 1245 1651 non
1286 1608 1357 1650 vis
1400 1611 1459 1651 ut
1498 1605 1594 1651 tibi
1633 1620 1780 1668 prae-

265 1685 511 1741 iudicent,
560 1703 737 1733 verum
787 1703 908 1751 ergo
957 1686 1216 1743 dixerunt,
1265 1690 1384 1750 quia
1432 1685 1580 1733 “nec
1628 1703 1780 1733 causa

266 1784 449 1814 causae
489 1785 583 1815 nec
620 1785 839 1831 persona
875 1783 1125 1831 personae
1162 1768 1534 1832 praeiudicat.''
1602 1769 1672 1816 Et
1708 1769 1779 1816 ibi

267 1850 424 1905 debes
465 1868 741 1915 agnoscere
785 1855 921 1914 quia,
961 1854 1000 1898 si
1043 1868 1261 1914 persona
1302 1858 1383 1899 tot
1426 1855 1778 1915 episcoporum

265 1940 472 1980 tuorum
495 1936 547 1979 in
569 1933 664 1980 illis
688 1941 887 1997 septem
913 1937 1309 1981 constitutorum
1332 1951 1431 1981 non
1456 1937 1528 1981 vis
1552 1941 1611 1981 ut
1633 1950 1779 1997 prae-

326 2080 344 2098 α
376 2075 470 2115 The
490 2075 634 2116 words
655 2090 768 2116 were
787 2075 896 2116 used
916 2076 978 2128 by
997 2076 1073 2117 the
1093 2076 1323 2116 Donatists
1343 2080 1390 2117 at
1409 2076 1484 2116 the
1505 2075 1776 2117 Conference

268 2130 319 2170 of
341 2129 579 2183 Carthage,
603 2131 627 2146 “
647 2129 766 2180 Quia
785 2144 892 2183 ergo
916 2130 1109 2171 diximus
1133 2133 1195 2171 eis
1225 2132 1339 2171 sicut
1364 2130 1474 2171 illud
1501 2131 1774 2183 [concilium]

270 2197 359 2224 non
390 2185 543 2225 obesse
579 2184 847 2233 Caeciliano,
879 2185 1262 2238 quemadmodum
1293 2185 1377 2226 hoc
1406 2199 1496 2225 non
1526 2185 1653 2226 obest
1684 2185 1777 2226 Pri-

270 2240 436 2287 miano,
459 2241 673 2291 quoniam
700 2244 856 2280 contra
884 2240 1090 2280 absentes
1118 2241 1240 2280 facta
1265 2244 1370 2280 sunt
1394 2240 1529 2280 ambo
1558 2239 1774 2287 concilia:

269 2295 482 2333 continuo
512 2307 602 2334 non
637 2296 909 2335 invenientes
949 2307 1064 2346 quae
1103 2294 1437 2346 responderent,
1466 2298 1510 2335 et
1543 2294 1774 2335 horribiles

270 2349 501 2400 angustias
522 2350 657 2400 passi,
679 2348 886 2389 dixerunt
915 2362 995 2389 nec
1015 2362 1199 2389 causam
1228 2362 1404 2397 causae,
1427 2362 1508 2389 nec
1537 2361 1775 2400 personam

270 2402 576 2453 praeiudicare
603 2416 818 2455 personae
836 2403 862 2447 ’,’
891 2403 988 2454 (Ad
1015 2403 1128 2444 Don.
1147 2417 1194 2455 p.
1225 2403 1337 2444 Coll.
1359 2406 1399 2444 3.
1421 2404 1481 2454 3).
1544 2403 1627 2444 His
1648 2405 1775 2455 point

273 2457 374 2497 here
411 2459 445 2497 is
480 2457 591 2505 that,
627 2471 686 2498 on
719 2458 806 2498 this
842 2458 1052 2498 Donatist
1086 2457 1330 2498 admission
1370 2458 1468 2498 that
1506 2471 1589 2498 one
1630 2458 1774 2499 man's

273 2511 388 2562 guilt
421 2511 527 2552 does
563 2516 641 2552 not
678 2512 810 2552 affect
848 2513 1048 2560 another,
1085 2512 1159 2552 the
1192 2514 1351 2552 crimes
1389 2511 1564 2565 alleged
1603 2511 1665 2564 by
1698 2512 1773 2553 the

270 2565 456 2606 Council
490 2565 541 2606 of
570 2566 794 2619 Carthage
829 2569 873 2607 in
913 2569 996 2607 312
1030 2569 1209 2620 against
1242 2566 1466 2608 Caecilian
1501 2568 1546 2606 in
1580 2579 1639 2606 no
1673 2580 1774 2618 way

271 2619 405 2660 affect
425 2619 492 2660 his
513 2633 774 2669 successors,
793 2621 881 2662 still
901 2620 985 2662 less
1006 2621 1080 2662 the
1101 2621 1280 2662 Church
1299 2620 1548 2662 Universal.
1609 2619 1774 2674 Seeing

281 2690 376 2737 294-
