1866 2964
749 204 841 252 ST.
880 205 1289 253 AUGUSTINE

259 341 403 401 ginta
433 336 702 400 discipulos
733 343 787 384 et
809 338 1024 384 arbitrio
1052 354 1174 384 suae
1202 337 1368 385 malae
1398 345 1555 402 atque
1583 339 1772 400 impiae

259 421 574 467 discessionis
624 418 779 466 fuisse
827 423 1116 483 permissos,
1165 423 1453 483 ceterisque
1502 419 1773 467 duodecim

259 506 345 565 qui
375 509 746 558 remanserant,
777 501 931 549 fuisse
963 519 1262 565 responsum
1287 519 1298 549 t
1347 500 1594 566 Numquid
1622 507 1665 548 et
1693 517 1774 548 vos

261 584 397 631 vultis
417 584 517 631 ire?
570 585 639 631 Et
658 602 760 631 non
781 585 1016 632 adtendis
1039 587 1157 648 quia
1177 591 1301 632 tunc
1319 588 1541 648 primum
1561 583 1774 631 ecclesia

261 667 459 713 novello
493 670 724 731 germine
754 666 1041 730 pullulabat
1072 667 1402 731 nondumque
1432 670 1485 713 in
1515 683 1577 713 ea
1604 665 1775 712 fuerat

259 749 515 812 completa
562 749 648 795 illa
693 748 1001 812 prophetia:
1057 748 1121 795 Et
1167 748 1428 796 adorabunt
1474 765 1576 796 eum
1618 764 1775 795 omnes

259 848 390 896 reges
433 838 599 888 terrae,
643 848 799 878 omnes
836 837 997 896 gentes
1045 830 1242 879 servient
1283 831 1371 888 illi,
1415 831 1553 895 quod
1594 833 1775 894 utique

261 921 454 977 quanto
484 917 646 978 magis
677 913 937 976 impletur,
968 921 1116 961 tanto
1146 917 1337 961 maiore
1368 917 1532 961 utitur
1563 912 1775 960 ecclesia

259 1004 541 1059 potestate,
572 1004 629 1043 ut
659 1014 762 1043 non
791 995 954 1043 solum
983 999 1186 1052 invitet,
1216 997 1308 1043 sed
1341 999 1498 1043 etiam
1528 1002 1680 1059 cogat
1710 994 1776 1042 ad

260 1080 466 1125 bonum.
538 1079 649 1125 Hoc
683 1086 806 1125 tunc
840 1079 1074 1125 dominus
1109 1079 1394 1142 significare
1429 1077 1653 1134 volebat,
1688 1079 1775 1141 qui

262 1164 491 1224 quamvis
526 1160 743 1208 haberet
776 1178 1019 1224 magnam
1054 1168 1390 1224 potestatem,
1424 1164 1562 1224 prius
1596 1167 1775 1207 tamen

262 1243 419 1307 elegit
472 1244 831 1290 commendare
884 1243 1246 1290 humilitatem.
1317 1243 1428 1290 Hoc
1481 1250 1535 1290 et
1586 1245 1639 1289 in
1689 1241 1775 1288 illa

260 1329 472 1372 convivii
520 1325 850 1372 similitudine
904 1329 1026 1372 satis
1083 1326 1349 1373 evidenter
1396 1325 1640 1381 ostendit,
1687 1325 1774 1371 ubi

260 1411 397 1455 misit
424 1408 488 1455 ad
513 1411 754 1455 invitatos
783 1415 836 1455 et
862 1411 1034 1454 venire
1060 1408 1335 1455 noluerunt
1358 1424 1370 1464 3
1416 1415 1470 1455 et
1496 1411 1568 1454 ait
1592 1423 1737 1454 servo
1763 1423 1773 1453 :

259 1489 354 1536 Exi
384 1490 431 1536 in
455 1490 643 1554 plateas
673 1497 715 1536 et
744 1490 868 1537 vicos
897 1489 1098 1537 civitatis
1134 1497 1176 1537 et
1198 1507 1433 1554 pauperes
1462 1497 1504 1536 et
1533 1488 1704 1536 debiles
1733 1494 1776 1534 et

259 1589 419 1619 caecos
451 1579 493 1618 et
524 1571 717 1619 claudos
749 1570 961 1619 introduc
993 1572 1094 1619 hue.
1164 1571 1229 1618 Et
1261 1571 1328 1618 ait
1359 1589 1521 1619 servus
1552 1570 1774 1618 domino:

262 1653 289 1669 “
313 1654 357 1700 F
358 1661 506 1700 actum
539 1660 622 1709 est,
654 1661 703 1700 ut
731 1653 987 1717 imperasti,
1018 1661 1060 1701 et
1090 1653 1243 1701 adhuc
1273 1653 1399 1702 locus
1428 1652 1546 1701 est.’'
1615 1653 1679 1700 Et
1709 1652 1775 1699 ait

259 1735 472 1783 dominus
496 1752 626 1783 servo
652 1753 661 1782 ε
709 1735 804 1782 Ε.τὶ
827 1735 875 1782 in
900 1736 1002 1783 vias
1026 1743 1067 1782 et
1090 1753 1254 1800 saepes
1277 1743 1319 1783 et
1341 1736 1559 1800 compelle
1582 1735 1774 1790 intrare,

260 1826 309 1865 ut
330 1818 577 1882 impleatur
601 1817 765 1865 (lomus
792 1835 908 1865 mea.
979 1818 1108 1866 Vide
1132 1836 1266 1865 nunc
1292 1836 1447 1882 quem
1470 1819 1535 1866 ad
1564 1818 1773 1865 modum

261 1902 325 1948 de
362 1900 437 1947 his
469 1904 555 1964 qui
591 1904 728 1963 prius
759 1908 1028 1957 venerunt,
1058 1902 1253 1948 dictum
1284 1908 1362 1948 est
1387 1918 1397 1948 z
1446 1901 1473 1917 “
1499 1899 1720 1948 Introduc
1744 1898 1772 1915 ''

262 2000 364 2039 eos,
390 2001 492 2029 non
518 1984 712 2030 dictum
734 1991 812 2030 est
839 1983 866 1998 “
887 1983 1136 2046 compelle
1158 1982 1185 1998 ”
1207 1999 1218 2039 ;
1254 1987 1327 2030 ita
1349 1983 1635 2048 significata
1653 1990 1774 2030 sunt

261 2066 503 2113 ecclesiae
537 2066 812 2128 primordia
839 2065 1003 2113 adhuc
1029 2069 1321 2122 crescentis,
1347 2073 1405 2113 ut
1439 2073 1611 2113 essent
1644 2068 1773 2112 Vires

261 2152 418 2195 etiam
466 2147 820 2210 compellendi.
891 2147 1128 2204 Proinde,
1177 2151 1296 2212 quia
1344 2149 1618 2211 oportebat
1666 2151 1772 2195 eius

260 2234 361 2277 iam
392 2231 578 2276 viribus
612 2237 664 2277 et
694 2231 1051 2294 magnitudine
1081 2231 1321 2277 roborata
1352 2234 1508 2277 etiam
1539 2229 1775 2294 compelli

259 2312 489 2359 homines
521 2313 585 2359 ad
615 2316 897 2359 convivium
933 2312 1109 2359 salutis
1144 2320 1405 2369 aeternae,
1435 2320 1772 2376 posteaquam

260 2396 455 2442 dictum
497 2402 611 2441 est:
670 2394 865 2442 Factum
907 2401 990 2451 est,
1033 2394 1157 2459 quod
1195 2394 1391 2451 iussisti,
1432 2401 1474 2441 et
1515 2393 1667 2442 adhuc
1706 2402 1774 2442 est

323 2584 341 2603 ‘²
374 2578 496 2619 John
517 2580 574 2620 vi.
599 2581 745 2620 67-68.
864 2578 880 2603 ¹²
914 2578 983 2620 Ps.
1008 2577 1109 2620 lxxi.
1138 2582 1202 2620 11.
1315 2584 1330 2603 ⁶
1363 2577 1493 2620 Luke
1514 2580 1599 2620 xiv.
1621 2581 1768 2621 21-23.

269 2648 365 2690 300
