1850 2964
763 228 855 276 ST.
894 227 1304 275 AUGUSTINE

277 365 590 425 imperatum
605 362 613 408 l
642 361 898 424 Scriptum
910 367 988 407 est
999 361 1208 424 quidem
1226 359 1465 406 mulieres
1477 375 1586 406 esse
1599 352 1795 407 debere

275 441 329 483 in
355 436 536 484 habitu
563 437 816 492 ordinato,
844 439 1055 499 aurique
1082 437 1460 498 circumpositio
1499 440 1553 480 et
1578 436 1790 480 intortio

276 516 489 559 crinium
527 520 579 559 et
615 519 791 558 cetera
824 511 972 558 huius
1007 511 1164 567 modi,
1200 526 1333 574 quae
1367 509 1449 556 vel
1485 510 1550 556 ad
1583 512 1790 556 inanem

275 606 518 653 pompam
552 588 633 635 vel
668 589 733 635 ad
764 587 1076 634 inlecebram
1110 586 1305 634 formae
1341 585 1572 633 adhiberi
1605 584 1790 642 solent,

275 669 461 712 merito
481 664 792 728 reprehensa
815 671 949 710 sunt.
1020 662 1122 710 Sed
1144 670 1222 710 est
1244 663 1452 726 quidam
1472 679 1564 726 pro
1583 660 1791 709 modulo

276 757 526 804 personae
577 739 782 787 habitus
832 738 1130 786 matronalis
1182 756 1212 785 a
1261 737 1449 785 viduali
1499 745 1643 785 vest-e
1693 738 1793 784 dis-

277 821 486 872 tinctus,
507 820 592 880 qui
617 824 791 879 potest
818 815 1052 863 fidelibus
1071 817 1357 879 coniugatis
1379 814 1517 861 salva
1534 813 1790 878 religionis

278 894 600 939 observantia
623 895 909 938 convenire.
980 891 1132 938 Hunc
1156 898 1211 938 te
1235 894 1449 938 maritus
1471 894 1511 937 si
1533 890 1791 953 deponere

278 968 458 1024 noluit,
483 985 547 1014 ne
584 975 636 1014 te
660 967 801 1014 velut
834 968 1040 1014 viduam
1069 966 1153 1014 illo
1177 970 1383 1014 vivente
1406 970 1642 1023 iactares,
1664 972 1792 1029 puto

280 1048 397 1107 quia
444 1061 545 1090 non
591 1043 761 1090 fuerat
806 1047 859 1089 in
904 1043 999 1090 hac
1043 1060 1099 1089 re
1146 1060 1308 1106 usque
1355 1043 1420 1090 ad
1466 1043 1790 1090 dissensionis

279 1119 574 1166 scandalum
610 1119 968 1182 perducendus
1005 1122 1168 1182 magis
1204 1118 1621 1165 inoboedientiae
1657 1116 1792 1163 malo

281 1212 435 1258 quam
469 1194 616 1241 ullius
652 1196 997 1241 abstinentiae
1030 1195 1180 1241 bono.
1252 1194 1390 1253 Quid
1423 1201 1503 1240 est
1537 1196 1673 1240 enim
1707 1194 1794 1240 ab-

280 1271 478 1317 surdius
497 1287 651 1334 quam
667 1270 935 1316 mulierem
953 1271 1016 1317 de
1033 1269 1213 1316 humili
1229 1277 1373 1317 veste
1390 1273 1495 1316 viro
1513 1271 1794 1333 superbire,

281 1349 361 1392 cui
382 1354 435 1393 te
457 1350 626 1409 potius
651 1347 919 1410 expediret
941 1347 1300 1408 obtemperare
1322 1346 1548 1393 candidis
1569 1346 1793 1392 moribus

283 1439 437 1485 quam
474 1421 673 1486 nigellis
715 1423 941 1469 vestibus
981 1438 1288 1485 repugnare,
1326 1425 1446 1485 quia
1483 1424 1580 1468 etsi
1627 1428 1682 1468 te
1719 1425 1794 1467 in-

284 1498 589 1544 dumentum
621 1497 902 1544 monachae
936 1497 1249 1554 delectabat,
1283 1501 1440 1544 etiam
1471 1496 1567 1544 hoc
1599 1500 1794 1561 gratius

283 1580 457 1635 posset
489 1576 673 1620 marito
707 1574 976 1620 observato
1015 1580 1330 1637 exoratoque
1363 1576 1493 1620 sumi
1524 1589 1679 1636 quam
1709 1572 1794 1619 illo

284 1648 568 1696 inconsulto
609 1657 1011 1713 contemptoque
1051 1650 1350 1713 praesumi?
1420 1649 1571 1708 Quod
1610 1652 1651 1696 si
1690 1666 1796 1696 om-

285 1727 403 1771 nino
452 1742 554 1771 non
603 1728 811 1781 sineret,
861 1726 984 1788 quid
1042 1733 1132 1771 tuo
1183 1728 1444 1788 proposito
1493 1725 1794 1788 deperiret?

287 1802 437 1847 Absit
486 1808 544 1847 ut
592 1800 707 1847 hinc
755 1801 1047 1864 displiceres
1096 1802 1211 1858 de0,
1257 1801 1395 1865 quod
1441 1804 1657 1865 coniuge
1705 1808 1796 1847 tuo

356 2010 373 2027 ‘¹
411 2009 427 2044 1
455 2004 567 2045 Tim.
592 2006 635 2046 ii.
659 2009 684 2045 9
705 2022 716 2052 ς
754 2009 769 2045 1
799 2005 891 2046 Pet.
916 2007 974 2046 iii.
998 2010 1038 2047 3.

357 2060 371 2084 b
402 2059 508 2099 Two
529 2060 680 2100 orders
701 2061 750 2100 of
765 2060 946 2101 widows
967 2075 1040 2101 are
1062 2065 1107 2101 to
1127 2061 1182 2102 be
1198 2059 1554 2102 discriminated:
1588 2060 1651 2113 (1)
1672 2059 1798 2100 those

295 2113 394 2153 who
415 2128 527 2154 were
549 2114 824 2155 maintained
852 2115 913 2167 by
934 2115 1008 2156 the
1029 2115 1207 2156 Church
1235 2115 1325 2156 and
1345 2115 1445 2156 who
1464 2128 1579 2168 gave
1599 2129 1626 2155 a
1645 2118 1796 2155 return

296 2169 347 2208 of
371 2168 510 2208 either
540 2182 700 2221 prayer
729 2183 778 2209 or
806 2169 926 2222 good
955 2169 1103 2210 works
1134 2170 1209 2222 (cf.
1242 2171 1354 2211 Stat.
1385 2169 1502 2210 Eccl.
1527 2170 1687 2221 Antiq.
1718 2172 1797 2209 103

297 2226 323 2242 ‘⁶
338 2222 497 2262 viduae
528 2236 643 2274 quae
666 2224 897 2275 stipendiis
918 2224 1126 2265 ecclesiae
1149 2228 1455 2265 sustentantur
1479 2227 1571 2264 tam
1594 2222 1799 2264 assiduae

290 2278 334 2316 in
370 2276 452 2316 Dei
487 2290 618 2329 opere
647 2291 741 2318 esse
770 2278 935 2318 debent
968 2283 1018 2319 ut
1050 2283 1095 2319 et
1127 2281 1294 2320 meritis
1327 2283 1370 2319 et
1403 2278 1678 2319 orationibus
1706 2279 1798 2318 suis

293 2331 524 2371 ecclesiam
559 2331 794 2383 adjuvent'
802 2332 857 2384 ’);
906 2334 969 2385 (2)
1005 2347 1032 2373 a
1065 2347 1186 2373 more
1225 2333 1500 2374 honourable
1537 2332 1681 2380 order,
1720 2335 1799 2372 not

296 2385 501 2425 confined
531 2390 577 2426 to
598 2387 723 2427 those
743 2400 846 2427 over
867 2390 920 2427 60
941 2401 990 2427 or
1011 2389 1054 2428 in
1076 2387 1187 2428 need
1217 2389 1268 2428 of
1291 2391 1493 2440 support,
1513 2387 1614 2428 who
1632 2385 1797 2440 gained

301 2441 429 2480 merit
447 2441 563 2480 from
580 2441 836 2494 abstaining
854 2442 970 2481 from
988 2456 1013 2482 a
1029 2441 1192 2482 second
1213 2444 1447 2495 marriage.
1509 2441 1604 2482 The
1618 2440 1798 2482 widows

299 2494 399 2534 who
433 2494 522 2534 had
556 2494 693 2535 taken
730 2496 815 2535 this
850 2509 946 2536 vow
980 2510 1092 2537 uere
1126 2495 1453 2549 distinguished
1486 2496 1549 2548 by
1577 2509 1606 2536 a
1633 2494 1798 2547 special

301 2547 484 2600 dress(“
501 2551 632 2589 vestis
649 2550 843 2597 fuscior-‚⁹
850 2550 1070 2599 'Jerome‚
1087 2551 1171 2603 Ep.
1187 2554 1256 2592 38.
1272 2551 1332 2602 5),
1348 2550 1437 2591 and
1454 2550 1528 2591 the
1541 2549 1797 2591 distinction

290 2615 432 2643 seems
465 2607 512 2643 to
546 2603 657 2644 have
691 2603 802 2644 been
838 2605 971 2645 much
1004 2605 1202 2647 coveted.
1260 2605 1368 2646 This
1396 2605 1510 2646 class
1539 2605 1590 2646 of
1617 2603 1798 2645 widows

295 2682 392 2724 514
