1850 2964
762 201 854 248 ST.
891 201 1300 249 AUGUSTINE

279 333 476 381 nolenti
527 334 621 381 sibi
674 333 740 380 ad
788 334 1053 381 reddenda
1104 333 1390 398 coniugalia
1440 333 1618 381 debita
1668 351 1785 395 con-

280 419 470 463 sentire
506 417 571 463 ad
605 416 787 463 eadem
821 418 1168 462 continentiae
1201 423 1355 479 pacta
1386 419 1495 479 ipse
1529 419 1786 464 consensit

282 505 337 545 et
385 505 559 545 tecum
609 501 1046 545 continentissime
1098 498 1185 545 diu
1235 501 1362 545 vixit
1416 515 1610 562 suoque
1669 515 1786 545 con-

280 597 432 627 sensu
463 597 491 626 a
519 587 732 643 peccato
761 580 863 636 illo,
889 598 989 644 quo
1021 583 1067 626 ei
1097 581 1330 627 debitum
1354 584 1516 627 carnis
1541 582 1786 645 negabas,

278 666 387 726 ipse
427 669 480 709 te
522 662 751 709 absolvit.
827 662 942 709 Non
981 680 1102 727 ergo
1139 666 1243 709 iam
1280 666 1333 709 in
1370 670 1462 710 tua
1499 680 1652 710 causa
1687 666 1789 711 ista

279 748 497 791 vertitur
517 748 767 808 quaestio,
787 752 959 791 utrum
978 746 1144 792 redire
1166 746 1355 792 debeas
1377 746 1442 793 ad
1460 746 1788 793 concubitum

280 829 386 873 viri.
457 826 609 885 Quod
637 830 773 873 enim
801 827 898 874 deo
926 830 1035 890 pari
1062 844 1311 874 consensu
1339 829 1489 875 ambo
1517 831 1788 884 voveratis,

280 916 672 972 perseveranter
720 926 881 972 usque
930 913 983 955 in
1032 910 1186 956 finem
1234 910 1450 957 reddere
1501 911 1651 957 ambo
1700 910 1788 957 de-

281 992 480 1047 buistis,
523 1008 551 1037 a
583 1008 683 1054 quo
712 995 972 1054 proposito
1002 995 1043 1038 si
1071 991 1241 1055 lapsus
1278 999 1356 1039 est
1387 992 1489 1048 ille,
1513 999 1572 1039 tu
1604 992 1788 1039 saltem

280 1076 691 1120 constantissime
720 1090 1007 1136 persevera.
1079 1074 1230 1132 Quod
1261 1081 1316 1121 te
1352 1092 1455 1121 non
1491 1074 1790 1122 exhortarer

279 1158 374 1201 nisi
425 1159 544 1219 quia
592 1157 687 1202 tibi
738 1156 803 1203 ad
850 1155 946 1203 hoc
994 1160 1102 1219 ipse
1153 1164 1496 1204 consenserat.
1566 1157 1698 1204 Nam
1747 1160 1789 1204 si

279 1255 559 1301 numquam
579 1241 831 1285 tenuisses
853 1242 958 1285 eius
980 1239 1270 1295 adsensum,
1288 1256 1530 1286 numerus
1549 1247 1603 1286 te
1623 1239 1788 1286 nullus

281 1319 598 1367 defendisset
619 1337 884 1376 annorum,
904 1322 995 1368 sed
1018 1329 1136 1384 post
1155 1329 1407 1384 quantum
1431 1321 1559 1369 libet
1583 1329 1788 1385 tempus

279 1419 363 1449 me
408 1402 761 1459 consuluisses,
801 1402 925 1449 nihil
963 1405 1057 1450 tibi
1103 1403 1240 1451 aliud
1283 1405 1648 1467 responderem
1695 1407 1791 1451 nisi

281 1485 419 1548 quod
444 1489 517 1531 ait
542 1485 800 1548 apostolus
821 1503 831 1532 ι
907 1486 1007 1532 Τωον
1025 1503 1115 1533 non
1135 1485 1270 1533 habet
1287 1493 1559 1550 potestatem
1584 1486 1791 1551 corporis

281 1566 355 1614 sui
380 1567 461 1614 sed
485 1567 570 1614 vir.
642 1568 722 1614 De
745 1585 844 1631 qua
865 1575 1127 1630 potestate
1149 1572 1218 1615 sic
1243 1570 1337 1616 tibi
1361 1572 1463 1615 iam
1487 1573 1791 1632 permiserat

283 1653 672 1705 continentiam,
697 1657 754 1696 ut
782 1667 895 1696 eam
921 1658 1094 1697 tecum
1121 1658 1173 1698 et
1198 1654 1306 1714 ipse
1333 1655 1628 1715 susciperet.

236 1739 263 1776 4
348 1731 449 1778 Sed
475 1731 599 1779 illud
637 1739 715 1779 est
752 1733 889 1795 quod
913 1736 1079 1779 minus
1104 1741 1157 1780 te
1184 1735 1477 1780 observasse
1503 1737 1792 1791 contristor,

284 1817 404 1877 quia
443 1821 591 1861 tanto
630 1813 868 1861 humilius
911 1822 963 1862 et
1004 1817 1359 1863 oboedientius
1401 1819 1448 1863 ei
1488 1818 1700 1880 obsequi
1738 1819 1792 1863 in

285 1897 566 1943 domestica
615 1901 998 1944 conversatione
1050 1898 1291 1954 debuisti,
1340 1906 1534 1962 quanto
1581 1898 1665 1946 ille
1713 1915 1792 1946 re-

282 1977 507 2042 ligiosius
537 1980 632 2025 tibi
661 1996 770 2026 rem
800 1986 908 2026 tam
938 1997 1180 2044 magnam
1211 1984 1368 2027 etiam
1397 1981 1646 2028 imitando
1676 1998 1793 2028 con-

285 2068 523 2107 cesserat.
611 2061 726 2108 Non
771 2065 906 2108 enim
951 2066 1071 2125 quia
1113 2066 1306 2125 pariter
1348 2064 1718 2126 temperabatis
1763 2080 1793 2110 a

286 2146 648 2190 commixtione
687 2143 892 2200 carnali,
928 2145 1044 2191 ideo
1082 2151 1201 2191 tuus
1238 2149 1450 2192 maritus
1489 2162 1599 2192 esse
1637 2146 1793 2193 desti—

285 2231 423 2272 terat
447 2241 458 2281 ;
506 2229 662 2272 immo
692 2243 811 2273 vero
841 2233 989 2273 tanto
1019 2230 1241 2274 sanctius
1270 2231 1406 2274 inter
1435 2245 1521 2275 vos
1551 2231 1792 2292 coniuges

287 2309 593 2363 manebatis,
656 2316 849 2371 quanto
913 2312 1165 2355 sanctiora
1227 2310 1544 2357 concorditer
1604 2309 1793 2373 placita

289 2390 583 2436 servabatis.
655 2390 792 2436 Nihil
829 2408 948 2454 ergo
986 2391 1049 2438 de
1087 2398 1177 2437 tua
1213 2399 1375 2448 veste,
1410 2391 1534 2438 nihil
1569 2392 1633 2439 de
1671 2408 1792 2438 auro

861 2590 878 2609 ‘²
915 2590 932 2626 l
959 2584 1058 2626 Cor.
1081 2587 1153 2626 vii.
1177 2588 1217 2627 4.

291 2653 386 2698 504
