1866 2964
767 160 856 207 ST.
896 159 1304 207 AUGUSTINE

279 294 415 336 enim
453 293 618 339 brevis
662 300 740 339 est
782 296 879 349 via,
914 293 1006 340 sed
1044 300 1194 339 tanta
1235 295 1458 348 omnino,
1492 295 1633 338 cuius
1674 307 1789 354 per-

281 368 511 428 agendae
532 372 797 431 negotium
817 385 970 430 saepe
991 371 1244 430 suscipere
1265 385 1367 414 non
1385 371 1451 414 sit
1471 368 1536 414 ad
1551 373 1788 429 optatum

279 444 440 486 otium
472 447 780 504 pervenisse.
851 443 965 489 Huc
1000 443 1197 489 accedit
1238 442 1505 488 infirmitas
1548 443 1787 504 corporis,

279 532 378 578 qua
409 534 504 580 ego
533 535 755 581 quoque,
784 526 842 564 ut
870 522 1021 573 nosti,
1049 536 1150 565 non
1178 518 1340 574 valeo,
1370 518 1507 581 quod
1534 516 1664 572 volo,
1692 518 1787 562 nisi

279 595 483 638 omnino
531 594 760 639 desinam
809 597 1081 657 quicquam
1129 593 1241 656 plus
1290 592 1437 649 velle,
1485 609 1639 656 quam
1686 607 1788 637 non

279 665 437 712 valeo.

230 746 254 784 2
343 740 691 788 Profectiones
727 759 866 806 ergo,
903 760 1027 806 quas
1064 744 1264 806 quietas
1302 749 1355 789 et
1390 740 1562 788 faciles
1597 739 1787 787 habere

279 834 521 880 nequeas,
552 836 643 881 per
678 826 844 865 totam
877 823 1102 882 cogitare
1136 822 1294 865 vitam
1326 835 1428 864 non
1462 825 1541 864 est
1571 816 1788 863 hominis

279 894 342 940 de
374 894 456 940 illa
483 913 582 941 una
610 895 806 951 ultima,
834 913 964 959 quae
992 913 1125 942 mors
1154 902 1380 951 vocatur,
1406 897 1699 958 cogitantis,
1723 893 1787 939 de

279 987 378 1032 qua
406 970 484 1016 vel
512 971 615 1017 sola
642 971 898 1035 intellegis
925 988 1043 1017 vere
1072 988 1181 1017 esse
1209 971 1557 1035 cogitandum.
1627 969 1810 1029 Dedit·

280 1046 484 1107 quidem
534 1047 659 1093 deus
703 1050 877 1109 paucis
923 1047 1246 1109 quibusdam,
1292 1063 1417 1109 quos
1463 1044 1789 1091 ecclesiarum

278 1121 649 1183 gubernatores
683 1139 791 1168 esse
825 1121 1001 1177 voluit,
1033 1129 1090 1167 ut
1123 1128 1175 1167 et
1207 1120 1345 1166 illam
1376 1137 1477 1167 non
1509 1119 1671 1166 solum
1703 1136 1790 1165 ex-

277 1203 548 1257 pectarent
586 1195 806 1252 fortiter,
843 1197 934 1243 sed
971 1195 1205 1242 alacriter
1243 1199 1400 1242 etiam
1437 1195 1789 1242 desiderarent

281 1278 332 1316 et
365 1269 544 1317 harum
577 1272 929 1318 obeundarum
960 1271 1159 1317 labores
1191 1274 1298 1316 sine
1330 1269 1431 1316 ullo
1464 1286 1653 1334 angore
1685 1286 1790 1316 sus-

279 1349 508 1408 ciperent
534 1362 544 1401 3
591 1347 681 1393 sed
709 1363 877 1409 neque
906 1345 1000 1401 his,
1029 1349 1115 1409 qui
1144 1346 1208 1392 ad
1236 1344 1384 1392 huius
1411 1345 1550 1392 modi
1578 1345 1790 1391 admini-

279 1424 552 1467 strationes
574 1421 869 1484 temporalis
892 1420 1094 1467 honoris
1118 1437 1288 1467 amore
1310 1427 1599 1482 raptantur,
1619 1436 1790 1483 neque

279 1514 477 1543 rursum
511 1497 603 1552 his,
630 1501 716 1560 qui
750 1515 865 1543 cum
900 1505 1019 1543 sunt
1052 1500 1255 1559 privati,
1277 1499 1598 1559 negotiosam
1631 1499 1788 1542 vitam

281 1581 553 1635 appetunt,
594 1573 688 1620 hoc
729 1581 934 1620 tantum
976 1574 1166 1620 bonum
1208 1573 1417 1619 concedi
1458 1573 1692 1628 arbitror,
1732 1578 1791 1619 ut

279 1652 414 1694 inter
461 1652 704 1710 strepitus
751 1652 1111 1711 inquietosque
1161 1654 1441 1694 conventus
1488 1654 1645 1710 atque
1692 1647 1791 1694 djs-

277 1741 450 1769 cursus
485 1741 599 1770 curn
633 1731 798 1770 morte
834 1722 1256 1778 familiaritatem,
1291 1739 1445 1785 quam
1480 1725 1789 1785 quaerimus,

277 1797 469 1845 faciant
495 1815 505 1854 3
542 1799 765 1845 deificari
792 1802 927 1845 enim
961 1802 1190 1861 utrisque
1223 1801 1275 1843 in
1307 1801 1412 1844 otio
1437 1796 1639 1844 licebat.
1680 1798 1789 1844 Aut

278 1878 316 1920 si
342 1874 436 1921 hoc
461 1873 645 1921 falsum
673 1881 769 1930 est,
796 1891 891 1938 ego
918 1891 1029 1920 sum
1055 1876 1281 1920 omnium
1306 1889 1371 1919 ne
1397 1873 1562 1919 dicam
1597 1871 1790 1919 stultis-

277 1953 447 2004 simus,
468 1957 607 1995 certe
634 1953 1005 2013 ignavissimus,
1025 1952 1104 1995 cui
1130 1951 1223 1994 nisi
1244 1951 1512 2011 proveniat
1533 1947 1787 2010 quaedam

277 2043 453 2072 secura
482 2029 716 2081 cessatio,
744 2029 995 2071 sincerum
1023 2024 1148 2071 illud
1173 2025 1365 2070 bonum
1393 2030 1602 2087 gustare
1631 2030 1788 2086 atque

278 2118 449 2147 amare
498 2119 599 2147 non
646 2118 866 2163 possum.
943 2100 1139 2164 Magna
1177 2103 1461 2146 secessione
1501 2116 1530 2145 a
1562 2098 1788 2146 tumultu

277 2195 444 2224 rerum
464 2177 768 2232 labentium,
788 2175 908 2222 mihi
931 2177 1100 2232 crede,
1120 2192 1245 2239 opus
1267 2182 1364 2231 est,
1384 2182 1442 2221 ut
1461 2192 1563 2221 non
1583 2175 1789 2230 duritia,

277 2271 377 2299 non
400 2254 629 2308 audacia,
650 2270 750 2299 non
772 2253 1057 2315 cupiditate
1078 2255 1241 2297 inanis
1262 2250 1472 2315 gloriae,
1493 2267 1594 2297 non
1615 2267 1789 2313 super-

277 2333 475 2375 stitiosa
499 2328 804 2375 credulitate
831 2328 919 2374 fiat
943 2331 995 2373 in
1019 2327 1223 2373 homine
1249 2326 1371 2373 nihil
1395 2330 1594 2373 timere.
1655 2326 1788 2373 Hinc

277 2408 413 2451 enim
446 2405 502 2450 fit
534 2404 657 2450 illud
689 2407 845 2450 etiam
878 2403 1093 2450 solidum
1124 2403 1369 2466 gaudium
1402 2400 1549 2448 nullis
1581 2405 1786 2453 omnino

276 2479 485 2526 laetitiis
511 2478 610 2525 ulla
637 2496 699 2525 ex
723 2477 974 2544 particula
997 2476 1380 2526 conferendum.

288 2606 345 2650 10
