1866 2964
803 203 894 250 ST.
933 203 1340 251 AUGUSTINE

313 334 664 383 familiaritate
704 338 961 383 coniuncti
1000 352 1102 382 non
1141 342 1262 381 sunt
1301 337 1459 381 etiam
1498 333 1827 397 corporaliter

314 422 532 452 mecum.
603 404 735 450 Nam
766 411 825 450 ut
853 403 1006 467 longe
1036 406 1243 450 mittam
1273 406 1633 467 cognationem
1662 410 1825 458 tuam,

316 480 567 536 quantum
598 471 727 518 libet
758 470 929 518 valeat
959 475 1273 535 germanitas
1305 475 1382 518 tui
1413 473 1691 535 sanguinis,
1722 487 1824 517 non

314 544 470 587 vincit
504 543 758 586 amicitiae
788 539 1045 586 vinculum
1082 557 1182 603 quo
1212 540 1356 586 nobis
1392 542 1609 585 invicem
1640 555 1736 602 ego
1771 545 1824 586 et

313 607 475 655 frater
513 607 729 654 Severus
770 607 1130 663 inhaeremus;
1186 615 1241 654 et
1274 614 1452 654 tamen
1487 610 1622 653 nosti
1668 623 1823 670 quam

312 693 425 723 raro
464 675 589 722 mihi
629 693 747 722 eum
786 676 959 722 videre
999 679 1282 739 contingat.
1351 676 1527 738 Atque
1566 673 1661 721 hoc
1699 673 1824 721 fecit

313 762 415 791 non
460 747 640 807 utique
685 743 920 790 voluntas
964 743 1045 790 vel
1088 760 1206 790 mea
1248 742 1331 789 vel
1370 743 1521 799 illius,
1565 743 1657 790 sed
1700 743 1822 790 dum

311 815 489 859 matris
532 811 776 858 ecclesiae
816 815 1152 858 necessitates
1192 818 1403 874 propter
1441 810 1673 858 futurum
1714 827 1823 857 sae-

313 880 485 926 culum
544 897 644 943 quo
699 881 963 926 nobiscum
1021 879 1431 942 inseparabiliter
1480 882 1823 935 convivemus,

311 951 471 995 nostri
494 951 740 1027 temporis
763 949 1156 995 necessitatibus
1181 951 1556 1010 anteponimus.
1614 947 1822 1027 Quanto

314 1033 435 1080 ergo
468 1019 680 1079 aequius
711 1023 765 1062 te
797 1015 1017 1062 tolerare
1049 1023 1255 1079 oportet
1284 1033 1376 1079 pro
1407 1015 1633 1062 utilitate
1664 1018 1820 1078 ipsius

310 1087 488 1131 matris
516 1083 759 1130 ecclesiae
788 1087 894 1130 eius
927 1083 1097 1131 fratris
1125 1085 1412 1131 absentiam
1445 1101 1561 1131 cum
1592 1101 1692 1147 quo
1718 1101 1819 1130 non

309 1159 418 1199 tam
455 1152 543 1199 diu
578 1153 748 1199 cibum
785 1153 1095 1199 dominicum
1129 1155 1373 1208 ruminas,
1409 1169 1563 1215 quam
1599 1152 1686 1199 diu
1724 1168 1820 1215 ego

309 1237 425 1267 cum
475 1219 764 1267 dulcissimo
810 1224 1015 1267 concive
1062 1237 1179 1267 meo
1226 1219 1432 1276 Severo,
1479 1223 1565 1283 qui
1617 1236 1819 1266 mecum

308 1296 486 1335 tamen
520 1305 655 1335 nunc
688 1292 772 1334 vix
809 1296 863 1335 et
895 1289 1156 1335 interdum
1190 1305 1283 1351 per
1317 1291 1529 1352 exiguas
1563 1287 1820 1335 chartulas

306 1355 533 1419 loquitur
571 1363 625 1402 et
664 1372 749 1402 eas
788 1357 996 1420 quidem
1033 1356 1204 1419 plures
1243 1355 1454 1403 aliarum
1491 1373 1726 1403 curarum
1765 1363 1819 1403 et

307 1428 631 1488 negotiorum
663 1423 881 1471 refertas
914 1442 1069 1488 quam
1100 1431 1368 1487 portantes
1401 1424 1593 1488 aliquid
1623 1431 1819 1471 nostro-

307 1510 419 1539 rum
445 1496 497 1538 in
521 1491 708 1539 Christi
733 1496 987 1540 suavitate
1012 1500 1275 1555 pratorum
1300 1493 1308 1540 Ξ

372 1560 469 1606 Hic
503 1559 717 1607 forsitan
753 1561 924 1607 dicas:
979 1560 1006 1576 “
1033 1560 1170 1619 Quid
1205 1560 1382 1607 enim?
1450 1560 1520 1606 Et
1555 1560 1693 1623 apud
1726 1577 1816 1607 nos

305 1644 580 1691 germanus
609 1645 754 1675 meus
786 1628 1029 1675 ecclesiae
1060 1646 1162 1675 non
1193 1632 1291 1675 erit
1320 1628 1457 1675 utilis
1489 1635 1579 1674 aut
1606 1635 1818 1691 propter

307 1695 445 1743 aliud
471 1713 587 1742 eum
614 1713 815 1742 mecum
840 1695 1031 1743 habere
1058 1697 1292 1744 desidero
1316 1697 1333 1742 ?
1359 1695 1387 1710 ''
1455 1695 1612 1742 Plane
1639 1699 1678 1742 si
1703 1703 1817 1743 tan-

305 1771 417 1810 tum
445 1765 534 1820 ibi,
564 1772 815 1827 quantum
843 1763 924 1811 hic
953 1764 1077 1810 mihi
1106 1768 1213 1811 eius
1242 1767 1535 1828 praesentia
1562 1763 1816 1811 lucrandis

305 1831 385 1878 vel
414 1833 652 1896 regendis
680 1834 856 1879 ovibus
885 1833 1076 1879 domini
1104 1832 1241 1879 utilis
1268 1833 1547 1888 videretur,
1573 1849 1675 1878 non
1703 1833 1815 1879 dico

305 1900 546 1946 duritiam
578 1900 669 1947 sed
698 1904 1027 1963 iniquitatem
1057 1917 1227 1947 meam
1259 1917 1410 1947 nemo
1440 1917 1543 1947 non
1572 1903 1681 1947 iure
1713 1900 1815 1947 cul-

302 1976 467 2030 paret.
536 1967 638 2015 Sed
657 1985 771 2014 cum
794 1968 979 2015 Latina
998 1968 1191 2033 lingua,
1210 1972 1351 2015 cuius
1369 1971 1541 2031 inopia
1558 1971 1610 2014 in
1629 1972 1814 2015 nostris

302 2037 595 2100 regionibus
640 2035 935 2100 evangelica
978 2037 1291 2100 dispensatio
1333 2036 1554 2083 multum
1595 2036 1812 2092 laborat,

367 2161 385 2178 ‘²
417 2155 500 2196 See
521 2169 564 2207 p.
593 2159 687 2203 108,
711 2160 814 2196 note
836 2156 872 2196 b.

369 2209 384 2233 ὁ
418 2211 481 2251 As
507 2210 583 2250 the
608 2215 700 2251 text
726 2210 895 2258 stands,
921 2211 1026 2251 with
1056 2225 1112 2251 no
1139 2212 1327 2259 variant,
1354 2210 1477 2252 there
1504 2212 1538 2251 is
1565 2224 1623 2251 an
1650 2224 1811 2251 anaco-

308 2263 481 2312 luthon,
498 2264 587 2304 and
608 2265 683 2305 the
699 2279 824 2306 sense
839 2265 1057 2306 demands
1075 2266 1100 2281 “
1124 2266 1263 2306 Punic
1283 2265 1309 2281 ''
1326 2265 1498 2306 instead
1514 2266 1565 2306 of
1582 2266 1607 2281 “
1629 2265 1810 2306 Latin.”

308 2318 432 2359 Even
462 2321 506 2359 in
537 2320 705 2372 Hippo,
735 2334 761 2360 a
790 2325 913 2361 coast
940 2325 1059 2361 town
1088 2319 1196 2372 long
1226 2319 1517 2367 Romanized,
1545 2320 1668 2361 there
1696 2334 1810 2360 were

307 2386 444 2425 many
469 2388 507 2413 xx
511 2374 568 2414 ho
592 2374 733 2426 spoke
760 2374 913 2422 Punic,
938 2375 1027 2414 and
1054 2377 1096 2416 in
1123 2374 1275 2415 inland
1299 2375 1492 2415 districts
1516 2376 1549 2415 it
1572 2388 1662 2414 was
1684 2375 1808 2415 often

305 2427 380 2468 the
408 2428 515 2480 only
544 2428 768 2481 language
798 2406 969 2481 spoken
995 2430 1085 2480 (see
1114 2434 1217 2470 note
1241 2430 1262 2469 b
1288 2443 1345 2469 on
1370 2443 1413 2482 p.
1439 2430 1527 2480 24.)
1588 2429 1682 2469 The
1710 2433 1808 2469 true

307 2482 493 2535 reading
532 2483 753 2535 probably
785 2483 862 2523 lies
895 2483 971 2523 hid
1005 2486 1048 2524 in
1087 2483 1252 2524 Latina
1284 2498 1333 2524 or
1370 2498 1467 2524 cum
1505 2483 1684 2530 Latina,
1717 2483 1806 2523 and

304 2536 496 2589 perhaps
519 2538 642 2578 there
662 2551 752 2577 was
776 2551 833 2578 no
854 2538 1068 2590 adjective
1092 2543 1268 2590 present
1287 2538 1403 2589 (cum
1430 2538 1557 2578 illam
1583 2537 1757 2590 [calleat
1771 2537 1804 2590 Ρ]

308 2592 542 2643 linquam),
564 2592 729 2633 Latma
751 2592 886 2645 being
906 2606 964 2632 an
987 2592 1206 2645 imported
1226 2592 1360 2646 gloss.

314 2655 405 2702 146
