1866 2964
708 166 799 213 ST.
839 165 1245 214 AUGUSTINE

223 299 550 346 cumularem.
622 298 948 362 Quamquam
973 297 1068 345 hoc
1094 296 1241 344 facile
1269 300 1334 344 sit
1361 296 1633 343 ostendere
1661 302 1732 350 et,

226 396 266 438 si
296 409 394 438 non
422 392 709 447 ostendam,
730 390 877 437 facile
903 391 996 437 tibi
1022 391 1212 447 videre,
1240 397 1292 436 et
1317 405 1437 435 vera
1461 387 1735 435 infideliter

224 485 321 531 dici
347 501 493 546 posse
522 491 575 530 et
608 501 709 530 non
735 500 854 530 vera
888 483 1121 530 fideliter.
1193 482 1293 540 Qui
1320 484 1454 528 enim
1480 484 1549 527 sic
1574 479 1737 526 credit

224 584 282 623 ut
307 576 549 640 loquitur,
577 579 672 622 etsi
698 593 800 623 non
825 592 943 622 vera
968 575 1210 639 loquitur,
1235 573 1454 621 fideliter
1477 573 1702 636 loquitur
1725 586 1738 626 3

227 673 312 733 qui
373 677 549 716 autem
604 686 706 715 non
759 669 921 715 credit
982 685 1114 732 quae
1173 667 1415 730 loquitur,
1470 668 1566 713 etsi
1619 680 1739 711 vera

226 761 468 825 loquitur,
495 760 770 808 infideliter
806 760 1046 824 loquitur.
1118 759 1380 822 Numquid
1411 775 1532 822 ergo
1558 757 1738 804 dubito

229 855 365 918 quod
398 871 459 900 ea
490 854 554 900 de
585 870 668 900 me
701 854 895 909 credas,
929 869 1060 916 quae
1093 851 1376 914 scripsisti?
1446 850 1592 909 Quae
1624 865 1739 895 cum

227 950 278 992 in
304 963 386 993 me
415 963 515 993 non
543 963 779 1010 agnosco,
806 948 1020 1008 potuisti
1048 944 1267 992 fideliter
1293 945 1357 991 de
1384 960 1466 990 me
1493 959 1595 989 non
1620 958 1741 987 vera

227 1040 412 1086 dicere.

176 1139 202 1177 4
292 1131 392 1178 Sed
429 1130 544 1177 nolo
580 1138 634 1177 te
672 1130 752 1177 vel
787 1129 1133 1176 benivolentia
1170 1132 1240 1175 sic
1275 1127 1396 1175 falli.
1468 1127 1561 1174 Cui
1596 1127 1738 1173 beni-

228 1223 482 1270 volentiae
516 1224 718 1270 debitor
750 1240 880 1278 sum,
914 1225 1033 1286 quia
1067 1229 1120 1268 et
1151 1229 1260 1268 tam
1293 1220 1513 1267 fideliter
1545 1226 1599 1266 et
1629 1226 1739 1265 tam

226 1315 460 1363 benivole
500 1332 561 1362 ea
608 1332 741 1379 quae
778 1332 897 1361 vera
935 1322 1071 1370 sunt,
1108 1330 1311 1376 possem
1348 1313 1412 1360 de
1460 1319 1514 1359 te
1552 1312 1740 1366 djcere‚

227 1411 339 1464 nisi,
364 1415 422 1455 ut
447 1425 599 1472 supra
623 1408 746 1464 dixi,
770 1407 1108 1454 verecundiae
1133 1414 1255 1453 'cuae
1279 1421 1557 1468 parcerem.
1626 1403 1739 1467 Ego

228 1509 403 1548 autem
438 1501 643 1565 quando
675 1499 854 1547 laudor
889 1517 918 1546 a
951 1501 1336 1563 germanissimo
1372 1505 1425 1544 et
1458 1495 1740 1544 familiaris-

228 1597 354 1640 simo
379 1596 579 1639 animae
602 1609 768 1648 meae,
792 1591 933 1639 velut
957 1609 986 1637 a
1008 1608 1091 1638 me
1114 1594 1223 1653 ipso
1245 1590 1441 1646 lauder,
1464 1592 1533 1636 sic
1555 1587 1737 1635 habeo.

229 1685 381 1745 Quod
434 1689 595 1731 cernis
649 1702 804 1748 quam
855 1683 1130 1731 molestum
1182 1686 1265 1739 sit,
1319 1685 1476 1729 etiam
1528 1684 1569 1727 si
1620 1697 1740 1727 vera

228 1778 463 1825 dicantur
487 1793 498 1833 ;
546 1784 740 1840 quanto
769 1779 957 1839 potius,
987 1779 1106 1839 quia
1136 1779 1311 1830 etiam,
1341 1791 1455 1820 cum
1484 1777 1549 1820 sis
1579 1771 1741 1820 altera

230 1874 399 1917 anima
429 1887 563 1925 mea,
595 1873 750 1916 immo
784 1886 886 1915 una
917 1872 982 1916 sit
1015 1871 1184 1914 anima
1215 1875 1307 1914 tua
1339 1874 1393 1914 et
1423 1883 1557 1922 mea,
1589 1869 1658 1912 sic
1689 1869 1741 1911 in

229 1980 311 2009 me
361 1962 548 2009 falleris
586 1962 817 2025 putando
852 1960 976 2007 mihi
1015 1961 1193 2008 adesse
1231 1976 1363 2023 quae
1399 1959 1605 2014 desunt,
1641 1975 1741 2022 quo

228 2056 380 2103 modo
416 2063 468 2102 et
502 2056 566 2102 de
600 2071 654 2101 se
686 2058 795 2117 ipse
829 2071 958 2101 unus
991 2053 1143 2100 homo
1176 2052 1281 2099 falli
1313 2051 1521 2115 potest!
1591 2049 1742 2110 Quod

228 2165 330 2194 non
365 2155 571 2195 tantum
605 2148 722 2195 ideo
757 2146 890 2203 nolo,
926 2163 1008 2202 ne,
1045 2162 1200 2209 quem
1234 2144 1407 2208 dffigo,
1442 2151 1500 2190 tu
1535 2142 1741 2200 fallaris,

229 2257 405 2287 verum
433 2243 590 2287 etiam
616 2257 680 2286 ne
707 2243 872 2286 minus
895 2256 1024 2294 ores,
1047 2246 1104 2285 ut
1130 2241 1224 2284 sim
1246 2237 1383 2300 quod
1403 2239 1505 2282 iam
1527 2252 1637 2282 esse
1657 2252 1740 2282 me

234 2332 412 2379 credis.
462 2332 569 2379 Nec
584 2335 635 2378 in
654 2348 713 2379 eo
730 2349 842 2379 sum
859 2332 952 2378 tibi
968 2331 1187 2386 debitor,
1202 2337 1260 2376 ut
1276 2329 1457 2376 eodem
1471 2344 1741 2393 progressu

228 2423 608 2471 benivolentiae
651 2424 856 2471 credam
899 2431 953 2470 et
999 2422 1178 2486 loquar
1218 2422 1283 2470 de
1331 2428 1386 2468 te
1433 2421 1568 2467 bona
1608 2436 1740 2484 quae

230 2516 394 2564 adhuc
425 2524 478 2564 et
506 2524 564 2564 'cu
594 2518 686 2564 tibi
715 2517 894 2564 deesse
924 2518 1201 2580 cognosciS,
1230 2514 1321 2562 sed
1349 2520 1407 2561 ut
1436 2515 1604 2559 animo
1632 2519 1740 2560 tam

232 2602 328 2643 202
