1866 2964
778 179 868 227 ST.
907 176 1314 226 AUGUSTINE

296 315 460 377 Ipsius
500 316 635 359 enim
673 314 904 358 veritatis
943 326 1028 356 ore
1069 309 1263 356 dictum
1303 314 1416 354 est:
1472 305 1526 352 Si
1560 305 1611 352 in
1649 304 1801 352 alieno

279 382 455 446 fideles
489 398 579 427 non
612 379 807 444 fuistis,
836 385 1033 425 vestrum
1065 376 1170 441 quis
1198 374 1326 421 dabit
1354 373 1522 421 vobis?
1590 373 1802 420 Laxatis

296 468 417 514 ergo
451 453 580 496 curis
612 446 937 494 mutabilium
970 462 1139 491 rerum
1171 445 1307 490 bona
1338 442 1541 490 stabilia
1574 449 1628 488 et
1660 447 1803 488 certa

296 534 620 581 quaeramus,
670 514 1051 578 supervolemus
1101 515 1318 559 terrenis
1369 511 1548 573 opibus
1599 507 1800 556 nostris.

296 587 429 632 Nam
470 593 524 631 et
563 588 615 630 in
653 583 817 629 mellis
857 585 1002 644 copia
1041 598 1143 627 non
1182 579 1370 626 frustra
1409 595 1604 641 pennas
1643 577 1804 624 habet

296 653 493 717 apicula
518 669 528 708 ;
563 659 715 698 necat
740 654 875 697 enim
899 650 1218 696 haerentem.

821 854 915 901 No.
943 859 969 900 5
996 854 1112 918 (Ep.
1138 853 1282 915 XVI)

680 962 1069 1017 [AUGUSTINO
1103 961 1426 1014 MAXIMUS]

253 1074 271 1112 1
364 1066 537 1111 Avens
569 1063 746 1109 crebro
778 1065 879 1108 'cuis
913 1059 1150 1107 affatibus
1180 1059 1442 1106 laetificari
1478 1066 1532 1105 et
1562 1062 1806 1105 instinctu

300 1137 376 1179 tui
401 1134 664 1186 sermonis,
689 1130 827 1194 quod
850 1146 934 1175 me
958 1128 1111 1191 paulo
1136 1135 1257 1174 ante
1280 1128 1641 1174 iucundissime
1672 1126 1810 1174 salva

299 1204 516 1247 caritate
563 1198 795 1262 pulsasti,
842 1200 985 1260 paria
1030 1195 1302 1243 redhibere
1350 1213 1452 1242 non
1500 1196 1695 1251 destiti,
1742 1211 1807 1241 ne

299 1269 559 1316 silentium
622 1283 797 1313 meum
859 1265 1249 1328 paenitudinem
1314 1262 1639 1326 appellasses.
1707 1262 1808 1309 Sed

302 1353 510 1400 quaeso,
542 1342 618 1390 ut,
649 1338 689 1381 si
720 1334 848 1380 haec
879 1336 1022 1396 quasi
1054 1332 1238 1379 seniles
1270 1339 1410 1378 artus
1443 1348 1553 1378 esse
1585 1333 1810 1386 duxeris,

302 1407 641 1468 benignarum
666 1406 862 1448 aurium
890 1400 1213 1464 indulgentia
1241 1403 1577 1463 prosequaris.
1634 1399 1810 1463 Olym-

301 1490 425 1536 pum
457 1478 688 1518 montem
721 1471 933 1517 deorum
966 1485 1077 1516 esse
1108 1467 1458 1515 habitaculum
1489 1469 1584 1515 sub
1614 1471 1812 1514 incerta

304 1541 403 1587 fide
430 1540 645 1586 Graecia
668 1537 944 1585 fabulatur.
1013 1538 1085 1583 At
1109 1554 1228 1583 vero
1252 1544 1467 1584 nostrae·
1483 1537 1620 1582 urbis
1643 1534 1809 1582 forum

303 1608 603 1655 salutarium
639 1609 906 1653 numinum
938 1604 1236 1668 frequentia
1259 1621 1547 1667 possessum
1580 1621 1670 1650 nos
1706 1620 1813 1650 cer-

303 1680 469 1723 nimus
508 1683 561 1721 et
596 1676 886 1737 probamus
956 1673 1025 1719 Et
1061 1673 1270 1736 quidem
1311 1689 1469 1719 unum
1509 1689 1619 1718 esse
1655 1672 1809 1718 deum

303 1761 559 1791 summum
590 1746 698 1789 sine
729 1745 893 1797 initio,
924 1744 1031 1787 sine
1062 1740 1204 1804 prole
1236 1748 1452 1787 naturae
1483 1757 1578 1786 ceu
1607 1747 1810 1803 patrem

302 1829 548 1875 magnum
586 1818 743 1873 atque
779 1809 1107 1872 magnificum
1145 1811 1256 1871 quis
1292 1816 1400 1855 tam
1437 1809 1668 1864 demens,
1702 1815 1811 1854 tam

301 1887 478 1926 mente
514 1886 694 1941 captus
730 1884 890 1940 neget
926 1894 1036 1923 esse
1072 1877 1452 1923 certissimum?
1521 1876 1685 1922 Huius
1721 1892 1811 1922 nos

304 1952 521 1994 virtutes
541 1963 634 2009 per
652 1946 969 1992 mundanum
991 1962 1116 2007 opus
1138 1943 1342 1991 diffusas
1362 1943 1536 1991 multis
1557 1943 1812 1990 vocabulis

306 2020 618 2070 invocamus,
665 2017 905 2077 quoniam
952 2029 1140 2059 nomen
1187 2016 1294 2059 eius
1339 2015 1510 2058 cuncti
1553 2015 1812 2074 proprium

305 2083 543 2130 videlicet
560 2086 867 2146 ignoramus.
937 2081 1068 2126 Nam
1088 2081 1214 2128 deus
1233 2081 1466 2127 omnibus
1484 2079 1813 2144 religionibus

374 2229 392 2247 ‘²
424 2221 553 2263 Luke
575 2224 660 2262 xvi.
686 2224 750 2262 12.

375 2278 391 2303 ὃ
425 2278 651 2318 Maximus
683 2278 717 2317 is
746 2276 977 2316 otherwise
1007 2274 1252 2323 unknown,
1274 2275 1355 2316 but
1385 2275 1606 2328 probably
1637 2275 1691 2316 he
1722 2276 1810 2317 had

320 2332 431 2372 been
453 2345 536 2371 one
562 2332 611 2371 of
638 2330 929 2383 Augustine's
957 2330 1156 2370 ’teachers
1177 2334 1224 2370 at
1256 2329 1493 2378 Madaura,
1515 2331 1589 2371 the
1618 2334 1736 2371 town
1767 2335 1812 2371 to

319 2387 462 2426 which
494 2386 561 2426 his
588 2385 714 2425 letter
740 2386 889 2425 refers.
954 2385 1077 2425 Most
1105 2384 1283 2424 notable
1312 2398 1360 2424 as
1390 2385 1464 2424 the
1493 2384 1738 2436 birthplace
1768 2386 1820 2426 of

314 2440 547 2492 Apuleius,
582 2440 806 2480 Madaura
834 2452 924 2479 was
959 2453 985 2479 a
1015 2439 1148 2479 noted
1178 2443 1327 2479 centre
1357 2440 1408 2479 of
1437 2452 1585 2491 pagan
1617 2439 1691 2480 life
1721 2439 1811 2480 and

316 2495 502 2542 culture,
520 2494 609 2534 and
632 2496 865 2546 paganism
885 2507 1026 2533 seems
1047 2498 1092 2533 to
1109 2494 1221 2534 have
1242 2493 1440 2546 lingered
1456 2493 1578 2534 there
1599 2493 1705 2547 long
1721 2494 1810 2534 and

318 2549 594 2601 tenaciously
616 2550 705 2600 (see
727 2549 810 2600 Ep.
833 2550 1015 2588 ccxxxii.
1038 2547 1196 2600 infra).

320 2614 379 2661 16
