1866 2964
744 159 836 209 ST.
874 162 1283 210 AUGUSTINE

260 295 602 339 necessarium
627 310 729 340 non
755 310 865 341 esse
892 296 1168 343 arbitratus
1194 312 1337 342 sum:
1376 303 1429 344 et
1455 299 1562 343 eius
1584 311 1768 343 causae

260 358 463 407 differat
512 361 845 419 audientiam,
889 366 1130 426 quoniam
1181 367 1351 411 nescio
1393 371 1566 411 utrum
1610 367 1664 410 in
1708 380 1769 410 ea

259 444 447 475 nocens
479 445 543 474 an
572 432 813 476 innocens
839 433 922 486 sit,
950 438 1021 487 et,
1048 431 1185 494 quod
1217 435 1348 478 circa
1380 433 1602 480 eundem
1625 431 1767 495 leg-es

260 512 361 542 non
387 504 620 543 servatae
647 505 784 554 sunt,
812 505 870 545 ut
897 501 966 545 sic
992 507 1260 562 raperetur
1286 516 1474 563 neque,
1501 507 1560 547 ut
1587 501 1651 547 ab
1677 503 1771 546 im-

261 571 500 626 peratore
536 573 873 629 praeceptum
911 574 1006 622 est,
1042 567 1107 614 ad
1144 575 1259 614 acta
1294 567 1620 631 municipalia
1655 583 1770 630 per-

262 631 538 678 duceretur
561 634 955 698 interrogandus
982 642 1155 682 utrum
1180 635 1488 682 beneficium
1514 635 1770 683 dilationis

263 699 419 747 vellet
439 703 686 764 accipere,
712 719 814 749 non
840 710 1156 759 contemnat,
1183 711 1241 751 ut
1276 721 1368 767 per
1401 703 1497 751 hoc
1521 707 1770 767 possimus

267 784 383 814 cum
411 772 517 815 eius
544 770 832 817 adversario
856 787 964 817 rem
991 771 1150 818 finire.

736 975 830 1022 No.
858 981 913 1023 31
945 975 1060 1039 (Ep.
1089 975 1306 1040 CXXII)

270 1083 732 1126 DILECTISSIMIS
806 1084 1160 1126 FRATRIBUS
1224 1085 1641 1127 CONCLERICIS
1699 1085 1776 1126 ET

374 1149 745 1255 gNggssRSAE
768 1149 949 1191 PLEBI
973 1150 1383 1192 AUGUSTINUS
1416 1151 1484 1192 IN
1515 1148 1776 1192 DOMINO

410 1215 448 1255 A
583 1215 674 1256 EM

334 1333 394 1379 In
432 1337 605 1397 primis
645 1342 768 1397 peto
808 1337 1079 1381 caritatem
1118 1341 1341 1382 vestram
1381 1342 1435 1382 et
1473 1351 1565 1398 per
1605 1334 1777 1381 Iesum

268 1402 494 1458 obsecro,
532 1419 596 1448 ne
634 1420 721 1450 vos
758 1419 875 1449 mea
912 1406 1182 1450 contristet
1220 1404 1454 1450 absentia
1491 1401 1775 1466 corporalis.

270 1469 402 1516 Nam
432 1473 612 1533 spiritu
644 1478 697 1517 et
727 1472 888 1518 cordis
921 1470 1106 1518 affectu
1136 1479 1263 1534 puto
1293 1488 1379 1518 vos
1409 1488 1512 1517 non
1540 1471 1777 1518 dubitare

269 1537 405 1584 nullo
433 1539 584 1586 modo
612 1555 695 1585 me
725 1556 754 1585 a
781 1540 921 1585 vobis
949 1556 1096 1602 posse
1125 1539 1406 1595 discedere,
1434 1541 1663 1602 quamvis
1690 1554 1774 1584 me

270 1605 484 1669 amplius
527 1610 797 1654 contristet
839 1624 993 1670 quam
1034 1606 1167 1654 forte
1209 1624 1294 1654 vos
1336 1610 1488 1670 ipsos,
1530 1607 1668 1670 quod
1707 1609 1781 1652 in-

271 1674 481 1721 firmitas
507 1691 623 1721 mea
647 1675 874 1721 sufficere
900 1693 1001 1721 non
1031 1682 1205 1738 potest
1229 1676 1462 1722 omnibus
1493 1677 1623 1721 curis
1655 1690 1780 1738 quas

270 1743 334 1789 de
364 1759 447 1789 me
479 1746 694 1806 exigunt
723 1744 954 1790 membra
984 1743 1189 1799 Christi,
1219 1744 1402 1807 quibus
1431 1759 1515 1790 me
1547 1750 1600 1789 et
1629 1745 1782 1789 timor
1836 1753 1839 1757 ’

272 1813 378 1856 eius
407 1818 460 1857 et
487 1815 670 1857 caritas
697 1814 883 1858 servire
911 1811 1186 1874 compellit.
1259 1811 1392 1858 Illud
1418 1814 1555 1858 enim
1580 1813 1781 1857 noverit

271 1886 440 1925 vestra
472 1878 676 1926 dilectio
709 1896 990 1943 numquam
1022 1896 1105 1926 me
1139 1880 1407 1926 absentem
1439 1878 1593 1925 fuisse
1625 1877 1779 1924 licen-

271 1950 401 1993 tiosa
435 1946 676 1994 libertate
712 1948 803 1994 sed
838 1951 1122 1994 necessaria
1157 1951 1422 2003 servitute,
1458 1963 1590 2010 quae
1625 1961 1780 2009 saepe

272 2022 473 2061 sanctos
492 2014 675 2062 fratres
697 2023 750 2063 et
770 2015 988 2079 collegas
1008 2032 1148 2062 meos
1170 2018 1327 2062 etiam
1344 2014 1542 2062 labores
1562 2017 1782 2060 marinos

336 2184 354 2202 ‘¹
384 2179 573 2219 XVritten
609 2179 725 2219 from
764 2178 839 2219 the
877 2182 1081 2230 country,
1119 2182 1165 2218 to
1203 2177 1348 2218 which
1391 2176 1683 2230 Augustine's
1720 2174 1787 2216 ill-

277 2232 427 2274 health
449 2233 537 2273 had
559 2233 690 2274 made
718 2235 750 2274 it
779 2247 1013 2285 necessary
1041 2238 1087 2273 to
1117 2234 1245 2273 retire
1275 2233 1378 2284 (Ep.
1409 2234 1553 2273 cxviii.
1585 2234 1640 2272 34
1671 2231 1783 2270 “me

274 2293 373 2340 post
403 2288 730 2341 aegritudinem
752 2320 762 2329 .
787 2320 796 2330 .
821 2320 830 2329 .
854 2288 1135 2340 aliquantum
1170 2288 1228 2328 ab
1254 2288 1465 2339 Hippone
1492 2299 1782 2333 removeram,

273 2343 436 2395 quibus
485 2345 589 2383 item
628 2343 785 2384 diebus
820 2343 1154 2395 perturbatione
1192 2342 1458 2382 valetudinis
1495 2340 1785 2392 febribusque

277 2399 488 2449 repetitus
518 2398 694 2448 sum’').
760 2397 846 2437 For
874 2397 1000 2437 other
1029 2396 1294 2437 indications
1317 2397 1369 2436 of
1397 2396 1464 2436 his
1497 2409 1608 2448 poor
1636 2393 1787 2435 health

276 2452 332 2504 cf.
368 2452 453 2492 No.
490 2455 540 2493 13
574 2452 716 2492 above
754 2452 844 2492 and
876 2452 1013 2492 Serm.
1045 2455 1143 2492 355.
1176 2454 1199 2491 7
1233 2452 1363 2504 “ego,
1383 2452 1497 2491 sicut
1516 2449 1689 2497 videtis,
1711 2461 1789 2501 per

274 2511 464 2578 aetatem
488 2506 621 2547 modo
645 2509 786 2555 senui,
808 2506 884 2548 sed
912 2520 990 2559 per
1014 2505 1316 2546 infirmitatem
1344 2506 1541 2557 corporis
1561 2503 1667 2545 olim
1687 2515 1787 2544 sum

278 2562 440 2602 senex?

280 2634 376 2674 212
