1866 2964
791 234 882 282 ST.
920 233 1327 282 AUGUSTINE

303 372 512 432 opinata
530 366 803 415 crudelitas
823 374 1015 414 terram
1033 370 1262 414 concutit
1281 374 1335 414 et
1353 370 1578 430 percutit
1595 365 1813 423 caelum,

304 458 363 498 ut
396 454 449 497 in
484 450 669 513 plateis
706 466 763 496 ac
800 448 1023 496 delubris
1059 452 1240 496 vestris
1277 448 1479 496 eluceat
1513 451 1720 514 sanguis
1758 455 1812 495 et

300 539 509 580 resonet
545 530 889 579 homicidium.
958 532 1114 594 Apud
1151 549 1238 578 vos
1277 531 1539 578 Romanae
1576 526 1811 594 sepultae

302 622 422 662 sunt
451 614 611 678 leges,
642 614 943 661 iudiciorum
973 621 1231 660 rectorum
1263 613 1487 660 calcatus
1520 620 1600 660 est
1630 620 1813 669 terror,

300 701 668 760 imperatorum
691 702 832 742 certe
855 694 995 742 nulla
1016 698 1280 743 veneratio
1302 712 1398 742 nec
1419 699 1588 743 timor.
1655 695 1813 758 Apud

302 796 389 826 vos
425 781 697 843 sexaginta
731 794 944 824 numero
979 777 1196 825 fratrum
1230 780 1473 824 innocens
1509 776 1696 824 effusus
1733 783 1814 824 est

303 864 508 925 sanguis
533 868 604 917 et,
628 863 668 907 si
693 863 803 924 quis
826 859 997 923 plures
1022 861 1223 916 occidit,
1245 859 1452 907 functus
1476 867 1555 907 est
1575 859 1813 907 laudibus

304 951 358 991 et
379 946 433 990 in
456 950 680 990 vestram
704 945 895 989 curiam
918 945 1089 989 tenuit
1111 945 1470 1005 principatum.
1538 943 1654 1006 Age
1677 958 1813 988 nunc

302 1024 635 1089 principalem
692 1027 956 1071 veniamus
1015 1025 1080 1072 ad
1137 1041 1358 1072 causam.
1427 1023 1479 1071 Si
1535 1023 1812 1071 Herculem

303 1116 529 1157 vestrum
559 1108 808 1163 dixeritiS,
836 1123 985 1170 porro
1013 1107 1288 1154 reddemus
1311 1122 1323 1163 ;
1371 1107 1559 1154 adsunt
1585 1105 1815 1163 metalla,

303 1207 427 1238 saxa
463 1206 559 1237 nec
596 1190 819 1245 desunt3
876 1190 1128 1236 accedunt
1166 1196 1220 1236 et
1256 1206 1567 1236 marmorum
1603 1205 1815 1253 genera,

303 1273 603 1336 suppeditat
650 1271 902 1318 artificum
949 1274 1110 1335 copia.
1179 1271 1423 1318 Ceterum
1469 1271 1596 1318 deus
1642 1277 1814 1318 vester

304 1372 419 1402 cum
448 1353 717 1418 diligentia
744 1352 1008 1417 sculpitur,
1035 1361 1272 1400 tornatur
1300 1360 1355 1400 et
1382 1360 1592 1400 ornatur
1614 1368 1627 1410 ;
1673 1353 1816 1401 addi-

304 1454 416 1483 mus
444 1443 497 1483 et
530 1437 802 1492 rubricam,
829 1452 961 1499 quae
986 1439 1169 1499 pingat
1200 1436 1458 1492 ruborem,
1483 1452 1584 1499 quo
1615 1438 1813 1499 possint

304 1525 424 1566 vota
446 1525 616 1565 vestra
639 1535 781 1564 sacra
803 1534 999 1564 sonare.
1069 1518 1201 1564 Nam
1224 1521 1264 1564 si
1286 1525 1514 1565 vestrum
1536 1517 1813 1565 Herculem

303 1602 553 1657 dixeritis,
583 1600 796 1647 conlatis
828 1599 1038 1664 singulis
1070 1603 1290 1647 nummis
1322 1601 1386 1647 ab
1419 1600 1612 1647 artifice
1644 1607 1814 1647 vestro

303 1685 443 1730 vobis
486 1685 700 1730 emimus
743 1683 913 1729 deum.
982 1682 1203 1730 Reddite
1240 1685 1398 1747 igitur
1432 1685 1650 1745 animas,
1688 1700 1814 1746 quas

273 1773 276 1776 ’
303 1765 595 1813 truculenta
610 1772 781 1812 vestra
811 1782 1000 1818 manus,
1021 1768 1285 1821 contorsit,
1317 1772 1389 1821 et,
1418 1768 1566 1812 sicuti
1599 1782 1628 1812 a
1669 1766 1814 1812 nobis

303 1855 471 1895 vester
512 1846 759 1894 Hercules
796 1846 1114 1904 redhibetur,
1154 1851 1224 1894 sic
1265 1850 1424 1895 etiam
1461 1864 1491 1894 a
1525 1848 1665 1895 vobis
1701 1855 1815 1895 tan-

300 1937 470 1977 torum
495 1933 696 1977 animae
716 1930 1015 1977 reddantur.

827 2179 921 2228 No.
953 2188 1009 2228 17
1035 2181 1150 2245 (Ep.
1180 2181 1292 2244 LX)

305 2289 563 2331 DOMINO
596 2289 977 2331 BEATISSIMO
1003 2290 1080 2330 ET
1110 2290 1340 2331 DEBITA
1366 2289 1811 2332 OBSERVANTIA

414 2355 806 2396 VENERABILI
882 2354 1392 2404 SINCERITERQUE
1465 2354 1811 2397 CARISSIMO

417 2420 645 2460 FRATRI
678 2420 754 2460 ET
785 2419 1266 2461 CONSACERDOTI
1299 2420 1501 2461 PAPAE
1526 2419 1811 2462 AURELIO

414 2484 824 2526 AUGUSTINUS
857 2485 924 2526 IN
956 2483 1216 2526 DOMINO
1247 2484 1545 2526 SALUTEM

260 2611 275 2648 1
371 2603 595 2650 Litteras
643 2603 805 2651 nullas
851 2611 974 2651 tuae
1021 2603 1443 2661 venerabilitatis,
1489 2620 1554 2652 ex
1600 2621 1702 2669 quo
1748 2605 1813 2652 ab

318 2687 408 2728 118
