1850 2964
788 199 880 248 ST.
918 200 1327 248 AUGUSTINE

304 334 456 382 decet
501 336 637 380 enim
681 340 911 380 aetatem
955 339 1009 379 et
1051 335 1304 396 congruit,
1347 338 1599 395 quantum
1641 330 1812 387 credo,

301 403 527 449 moribus
579 404 696 448 tuis.
786 401 1056 447 Memento
1109 401 1234 463 quid
1283 399 1408 447 mihi
1459 400 1647 447 dixeris
1692 397 1813 463 pro-

301 469 518 526 fecturo,
534 472 783 516 comicum
800 469 1009 532 quidem
1025 469 1089 516 de
1108 468 1351 515 Terentio
1366 467 1593 516 recolens
1609 484 1811 515 versum

304 539 396 586 sed
418 546 596 585 tamen
620 540 939 601 aptissimum
965 544 1019 584 et
1042 536 1366 583 utilissimum
1389 553 1400 583 ι

383 633 503 660 nunc
523 620 595 660 hic
615 619 708 660 dies
729 619 864 659 aliam
882 620 1023 660 vitam
1043 617 1203 667 adfert,
1225 617 1334 659 alios
1355 630 1499 659 mores
1518 616 1731 671 postulat.

305 695 457 754 Quod
493 699 533 742 si
568 698 818 742 veraciter
854 695 1045 750 dixisti,
1080 697 1211 741 sicut
1246 694 1311 740 de
1346 700 1401 740 te
1438 693 1674 740 dubitare
1709 709 1813 740 non

305 764 489 819 debeo,
514 767 618 810 iam
646 761 876 826 profecto
904 766 973 810 sic
999 765 1122 809 vivis
1149 769 1209 809 ut
1241 764 1306 808 sis
1340 762 1523 826 dignus
1555 762 1812 824 baptismo

305 831 514 879 salutari
549 834 900 878 remissionem
935 833 1333 894 praeteritorum
1370 832 1600 893 accipere
1634 844 1814 892 pecca-

304 907 489 947 torum.
561 900 694 946 Nam
741 902 946 946 omnino
992 916 1095 945 non
1143 905 1239 954 est,
1285 900 1366 945 cui
1413 897 1561 944 alteri
1605 904 1814 961 praeter

306 969 568 1016 dominum
593 967 852 1014 Christum
876 967 1013 1014 dicat
1036 983 1198 1031 genus
1220 965 1503 1012 humanum
1527 982 1537 1012 :

492 1053 536 1090 te
556 1049 683 1097 duce,
705 1050 741 1088 si
762 1062 853 1101 qua
873 1051 1057 1088 manent
1076 1047 1249 1088 sceleris
1268 1048 1458 1100 vestigia
1477 1048 1631 1095 nostri,

498 1106 632 1145 inrita
650 1107 867 1156 perpetua
885 1103 1058 1144 solvent
1075 1102 1314 1143 formidine
1332 1106 1485 1143 terras.

308 1180 460 1239 Quod
502 1196 565 1226 ex
607 1179 852 1243 Cymaeo,
891 1179 945 1225 id
986 1185 1065 1225 est
1106 1194 1170 1225 ex
1211 1176 1455 1242 Sibyllino
1495 1179 1719 1224 carmine
1759 1193 1814 1224 se

305 1247 468 1295 fassus
511 1255 590 1294 est
631 1246 951 1294 transtulisse
993 1245 1264 1310 Vergilius,
1306 1249 1547 1309 quoniam
1586 1244 1814 1293 fortassis

307 1320 465 1363 etiam
493 1316 577 1362 illa
606 1323 749 1362 vates
780 1314 972 1378 aliquid
1000 1315 1064 1361 de
1094 1317 1242 1361 unico
1271 1313 1523 1360 salvatore
1551 1317 1605 1360 in
1632 1316 1814 1377 spiritu

307 1385 559 1440 audierat,
591 1384 729 1447 quod
758 1399 967 1429 necesse
999 1381 1181 1429 habuit
1211 1382 1458 1429 confiteri.
1526 1381 1671 1428 Haec
1701 1382 1815 1438 tibi,

307 1453 511 1500 domine
538 1455 722 1498 merito
751 1451 1070 1514 suscipiende
1100 1458 1153 1497 et
1178 1453 1232 1497 in
1259 1449 1460 1497 Christo
1487 1449 1814 1497 dilectissime

308 1537 365 1567 ac
401 1520 867 1568 desiderantissime
909 1518 1086 1574 frater,
1123 1522 1226 1565 sive
1262 1535 1427 1581 pauca
1461 1520 1565 1564 sive
1599 1516 1815 1564 forsitan

305 1588 469 1635 multa
510 1591 628 1643 sint,
669 1595 949 1650 utcumque
990 1589 1407 1649 occupatissimus
1447 1588 1637 1649 scripsi.
1703 1585 1815 1633 Tua

306 1672 508 1703 sumere
543 1659 790 1719 rescripta
825 1656 1058 1702 desidero
1096 1662 1150 1701 et
1184 1661 1238 1701 te
1274 1671 1463 1701 nomen
1497 1653 1578 1700 vel
1613 1654 1814 1701 dedisse

307 1729 442 1771 inter
488 1731 843 1787 competentes
890 1722 972 1769 vel
1017 1723 1258 1769 daturum
1305 1738 1416 1769 esse
1461 1725 1564 1768 iam
1608 1725 1814 1785 iamque

308 1809 628 1857 cognoscere.
700 1792 950 1838 Dominus
988 1791 1131 1846 deus,
1166 1794 1220 1836 in
1256 1807 1411 1854 quem
1447 1790 1725 1846 credidisti,
1761 1796 1816 1837 et

307 1860 389 1908 hic
417 1868 471 1907 et
497 1864 549 1906 in
576 1859 749 1906 futuro
777 1859 978 1906 saeculo
1005 1866 1060 1905 te
1088 1865 1372 1915 conservet,
1400 1859 1604 1905 domine
1630 1860 1816 1905 merito

309 1929 628 1992 suscipiende
680 1935 734 1974 et
782 1931 834 1974 in
884 1926 1085 1974 Christo
1135 1926 1461 1974 dilectissime
1511 1943 1570 1973 ac
1618 1926 1817 1974 deside-

307 2000 594 2043 rantissime
618 1994 793 2042 frater.

306 2134 311 2135 ν
369 2112 388 2130 ‘²
418 2106 552 2146 From
584 2106 704 2145 what
734 2105 904 2145 follows
935 2107 969 2145 it
1002 2106 1037 2144 is
1069 2104 1185 2144 clear
1221 2104 1320 2145 that
1357 2104 1609 2156 Augustine
1639 2102 1815 2144 wanted

312 2161 379 2201 his
397 2161 543 2201 friend
564 2165 609 2200 to
633 2160 689 2200 be
709 2159 930 2212 baptized.
991 2159 1085 2199 The
1109 2159 1235 2199 habit
1253 2160 1305 2199 of
1329 2160 1601 2211 postponing
1621 2158 1816 2211 baptism

311 2229 359 2255 as
384 2215 491 2267 long
516 2228 563 2255 as
593 2213 784 2266 possible
809 2227 899 2253 was
924 2213 1011 2254 still
1035 2227 1141 2265 very
1166 2226 1403 2260 common3
1449 2212 1583 2260 Basil,
1611 2211 1817 2265 Gregory

311 2271 362 2310 of
379 2269 632 2309 Nazianzus
653 2268 739 2308 and
763 2268 1068 2320 Chrysostom,
1089 2267 1262 2320 though
1292 2267 1367 2308 the
1390 2279 1494 2308 sons
1517 2268 1569 2307 of
1593 2266 1817 2308 Christian

316 2324 524 2370 mothers‚
547 2323 743 2363 received
775 2323 969 2374 baptism
999 2322 1105 2374 only
1125 2321 1253 2362 when
1283 2323 1334 2362 of
1359 2325 1532 2362 mature
1560 2333 1704 2374 years,
1725 2320 1816 2362 and

316 2379 569 2430 Augustine
608 2377 791 2417 himself
823 2390 912 2417 was
953 2376 1160 2428 baptized
1200 2375 1307 2428 only
1344 2380 1391 2416 at
1427 2375 1503 2416 the
1540 2389 1624 2428 age
1662 2374 1712 2416 of
1743 2377 1815 2416 33.

316 2432 468 2474 Infant
488 2432 680 2484 baptism
703 2445 792 2471 was
822 2436 897 2471 not
924 2431 999 2471 the
1025 2430 1206 2483 general
1232 2430 1326 2471 rule
1352 2429 1466 2470 until
1491 2429 1567 2470 the
1588 2429 1817 2482 following

315 2491 514 2538 century.
584 2486 670 2527 For
700 2486 854 2538 fidelis
890 2488 936 2526 in
974 2485 1048 2526 the
1083 2498 1210 2563 {sense
1247 2486 1298 2525 of
1330 2484 1403 2524 “a
1439 2483 1816 2525 communicant”

315 2554 386 2620 δεῖ
406 2543 575 2648 ἷζῖίἶῗςῧ,
597 2594 702 2635 Buc.
724 2596 781 2635 iv.
808 2597 950 2642 13-14,
974 2538 1517 2634 Rhoadgse’lsegaerislzizigh.
1535 2540 1629 2579 189.

316 2667 409 2715 498
