<?xml version="1.0" encoding="UTF-8"?>
<!DOCTYPE html PUBLIC "-//W3C//DTD XHTML 1.0 Transitional//EN"
    "http://www.w3.org/TR/xhtml1/DTD/xhtml1-transitional.dtd">
<html xmlns="http://www.w3.org/1999/xhtml" xml:lang="en" lang="en">
 <head>
  <title>
</title>
<meta http-equiv="Content-Type" content="text/html;charset=utf-8" />
  <meta name='ocr-system' content='tesseract 3.04.00' />
  <meta name='ocr-capabilities' content='ocr_page ocr_carea ocr_par ocr_line ocrx_word'/>
</head>
<body>
  <div class='ocr_page' id='page_1' title='image "./selectletters00auguuoft_0442.png"; bbox 0 0 1866 2964; ppageno 0'>
   <div class='ocr_carea' id='block_1_1' title="bbox 761 187 1298 236">
    <p class='ocr_par' dir='ltr' id='par_1_1' title="bbox 761 187 1298 236">
     <span class='ocr_line' id='line_1_1' title="bbox 761 187 1298 236; baseline 0.002 -2"><span class='ocrx_word' id='word_1_1' title='bbox 761 187 852 235; x_wconf 90' lang='lat' dir='ltr'>ST.</span> <span class='ocrx_word' id='word_1_2' title='bbox 890 187 1298 236; x_wconf 87' lang='lat' dir='ltr'><strong>AUGUSTINE</strong></span> 
     </span>
    </p>
   </div>
   <div class='ocr_carea' id='block_1_2' title="bbox 214 319 1782 2530">
    <p class='ocr_par' dir='ltr' id='par_1_2' title="bbox 260 319 1782 1405">
     <span class='ocr_line' id='line_1_2' title="bbox 271 319 1782 386; baseline 0.003 -19"><span class='ocrx_word' id='word_1_3' title='bbox 271 319 431 377; x_wconf 85' lang='lat' dir='ltr'>lastis,</span> <span class='ocrx_word' id='word_1_4' title='bbox 478 338 566 368; x_wconf 91' lang='lat' dir='ltr'>cur</span> <span class='ocrx_word' id='word_1_5' title='bbox 611 339 714 368; x_wconf 92' lang='lat' dir='ltr'>non</span> <span class='ocrx_word' id='word_1_6' title='bbox 758 324 929 384; x_wconf 89' lang='lat' dir='ltr'>potius</span> <span class='ocrx_word' id='word_1_7' title='bbox 974 319 1070 368; x_wconf 91' lang='lat' dir='ltr'>hoc</span> <span class='ocrx_word' id='word_1_8' title='bbox 1115 324 1336 384; x_wconf 86' lang='lat' dir='ltr'>petistis,</span> <span class='ocrx_word' id='word_1_9' title='bbox 1383 329 1442 369; x_wconf 84' lang='lat' dir='ltr'>ut</span> <span class='ocrx_word' id='word_1_10' title='bbox 1485 325 1595 386; x_wconf 88' lang='lat' dir='ltr'>ipse</span> <span class='ocrx_word' id='word_1_11' title='bbox 1641 324 1782 371; x_wconf 88' lang='lat' dir='ltr'>vobis</span> 
     </span>
     <span class='ocr_line' id='line_1_3' title="bbox 271 388 1782 455; baseline 0.002 -19"><span class='ocrx_word' id='word_1_12' title='bbox 271 391 544 436; x_wconf 88' lang='lat' dir='ltr'>mutetur?</span> <span class='ocrx_word' id='word_1_13' title='bbox 613 389 664 435; x_wconf 91' lang='lat' dir='ltr'>Si</span> <span class='ocrx_word' id='word_1_14' title='bbox 702 396 877 435; x_wconf 89' lang='lat' dir='ltr'>autem</span> <span class='ocrx_word' id='word_1_15' title='bbox 912 388 1007 435; x_wconf 91' lang='lat' dir='ltr'>hoc</span> <span class='ocrx_word' id='word_1_16' title='bbox 1045 388 1347 445; x_wconf 81' lang='lat' dir='ltr'>exhorretis,</span> <span class='ocrx_word' id='word_1_17' title='bbox 1378 393 1500 454; x_wconf 86' lang='lat' dir='ltr'>quia</span> <span class='ocrx_word' id='word_1_18' title='bbox 1533 394 1650 438; x_wconf 93' lang='lat' dir='ltr'>novi</span> <span class='ocrx_word' id='word_1_19' title='bbox 1680 408 1782 455; x_wconf 92' lang='lat' dir='ltr'>quo</span> 
     </span>
     <span class='ocr_line' id='line_1_4' title="bbox 270 456 1781 522; baseline 0.002 -18"><span class='ocrx_word' id='word_1_20' title='bbox 270 458 422 504; x_wconf 91' lang='lat' dir='ltr'>modo</span> <span class='ocrx_word' id='word_1_21' title='bbox 453 474 570 503; x_wconf 89' lang='lat' dir='ltr'>eum</span> <span class='ocrx_word' id='word_1_22' title='bbox 597 460 649 503; x_wconf 93' lang='lat' dir='ltr'>in</span> <span class='ocrx_word' id='word_1_23' title='bbox 678 456 878 504; x_wconf 89' lang='lat' dir='ltr'>Christo</span> <span class='ocrx_word' id='word_1_24' title='bbox 907 457 1269 504; x_wconf 87' lang='lat' dir='ltr'>venerabiliter</span> <span class='ocrx_word' id='word_1_25' title='bbox 1296 457 1538 522; x_wconf 87' lang='lat' dir='ltr'>diligatis,</span> <span class='ocrx_word' id='word_1_26' title='bbox 1565 476 1654 506; x_wconf 87' lang='lat' dir='ltr'>cur</span> <span class='ocrx_word' id='word_1_27' title='bbox 1679 477 1781 506; x_wconf 93' lang='lat' dir='ltr'>non</span> 
     </span>
     <span class='ocr_line' id='line_1_5' title="bbox 272 524 1782 590; baseline 0.003 -19"><span class='ocrx_word' id='word_1_28' title='bbox 272 528 441 588; x_wconf 87' lang='lat' dir='ltr'>potius</span> <span class='ocrx_word' id='word_1_29' title='bbox 477 524 642 571; x_wconf 86' lang='lat' dir='ltr'>illud?</span> <span class='ocrx_word' id='word_1_30' title='bbox 713 525 774 571; x_wconf 93' lang='lat' dir='ltr'>In</span> <span class='ocrx_word' id='word_1_31' title='bbox 809 526 950 572; x_wconf 80' lang='lat' dir='ltr'>vobis</span> <span class='ocrx_word' id='word_1_32' title='bbox 993 542 1216 588; x_wconf 86' lang='lat' dir='ltr'>namque</span> <span class='ocrx_word' id='word_1_33' title='bbox 1258 527 1496 589; x_wconf 85' lang='lat' dir='ltr'>regendis</span> <span class='ocrx_word' id='word_1_34' title='bbox 1532 530 1601 574; x_wconf 90' lang='lat' dir='ltr'>sic</span> <span class='ocrx_word' id='word_1_35' title='bbox 1635 544 1782 590; x_wconf 89' lang='lat' dir='ltr'>prae-</span> 
     </span>
     <span class='ocr_line' id='line_1_6' title="bbox 270 594 1781 659; baseline 0.003 -21"><span class='ocrx_word' id='word_1_36' title='bbox 270 596 422 655; x_wconf 92' lang='lat' dir='ltr'>positi</span> <span class='ocrx_word' id='word_1_37' title='bbox 455 594 748 640; x_wconf 79' lang='lat' dir='ltr'>rudimenta</span> <span class='ocrx_word' id='word_1_38' title='bbox 782 594 1074 649; x_wconf 75' lang='lat' dir='ltr'><strong>turbantur,</strong></span> <span class='ocrx_word' id='word_1_39' title='bbox 1108 601 1166 640; x_wconf 90' lang='lat' dir='ltr'>ut</span> <span class='ocrx_word' id='word_1_40' title='bbox 1198 598 1362 658; x_wconf 86' lang='lat' dir='ltr'>magis</span> <span class='ocrx_word' id='word_1_41' title='bbox 1395 594 1519 641; x_wconf 88' lang='lat' dir='ltr'>velit</span> <span class='ocrx_word' id='word_1_42' title='bbox 1551 612 1639 642; x_wconf 89' lang='lat' dir='ltr'>vos</span> <span class='ocrx_word' id='word_1_43' title='bbox 1671 599 1781 659; x_wconf 88' lang='lat' dir='ltr'>ipse</span> 
     </span>
     <span class='ocr_line' id='line_1_7' title="bbox 271 660 1781 724; baseline 0.002 -17"><span class='ocrx_word' id='word_1_44' title='bbox 271 662 526 717; x_wconf 88' lang='lat' dir='ltr'>deserere,</span> <span class='ocrx_word' id='word_1_45' title='bbox 564 678 718 724; x_wconf 91' lang='lat' dir='ltr'>quam</span> <span class='ocrx_word' id='word_1_46' title='bbox 753 664 906 707; x_wconf 89' lang='lat' dir='ltr'>istam</span> <span class='ocrx_word' id='word_1_47' title='bbox 944 678 1007 707; x_wconf 81' lang='lat' dir='ltr'>ex</span> <span class='ocrx_word' id='word_1_48' title='bbox 1044 662 1184 708; x_wconf 83' lang='lat' dir='ltr'>vobis</span> <span class='ocrx_word' id='word_1_49' title='bbox 1221 660 1413 708; x_wconf 89' lang='lat' dir='ltr'>famam</span> <span class='ocrx_word' id='word_1_50' title='bbox 1450 670 1504 709; x_wconf 88' lang='lat' dir='ltr'>et</span> <span class='ocrx_word' id='word_1_51' title='bbox 1538 664 1781 711; x_wconf 84' lang='lat' dir='ltr'>invidiam</span> 
     </span>
     <span class='ocr_line' id='line_1_8' title="bbox 270 729 1780 793; baseline 0.002 -18"><span class='ocrx_word' id='word_1_52' title='bbox 270 733 540 785; x_wconf 88' lang='lat' dir='ltr'>sustinere,</span> <span class='ocrx_word' id='word_1_53' title='bbox 565 737 623 776; x_wconf 88' lang='lat' dir='ltr'>ut</span> <span class='ocrx_word' id='word_1_54' title='bbox 647 730 846 776; x_wconf 80' lang='lat' dir='ltr'>dicatur</span> <span class='ocrx_word' id='word_1_55' title='bbox 869 746 971 776; x_wconf 91' lang='lat' dir='ltr'>non</span> <span class='ocrx_word' id='word_1_56' title='bbox 996 729 1146 776; x_wconf 90' lang='lat' dir='ltr'>aliam</span> <span class='ocrx_word' id='word_1_57' title='bbox 1171 746 1257 776; x_wconf 87' lang='lat' dir='ltr'>vos</span> <span class='ocrx_word' id='word_1_58' title='bbox 1283 734 1601 793; x_wconf 85' lang='lat' dir='ltr'>quaesituras</span> <span class='ocrx_word' id='word_1_59' title='bbox 1625 729 1780 778; x_wconf 88' lang='lat' dir='ltr'>fuisse</span> 
     </span>
     <span class='ocr_line' id='line_1_9' title="bbox 268 797 1781 862; baseline 0.003 -19"><span class='ocrx_word' id='word_1_60' title='bbox 268 801 632 860; x_wconf 76' lang='lat' dir='ltr'>praepositam,</span> <span class='ocrx_word' id='word_1_61' title='bbox 684 800 779 844; x_wconf 89' lang='lat' dir='ltr'>nisi</span> <span class='ocrx_word' id='word_1_62' title='bbox 828 801 995 860; x_wconf 91' lang='lat' dir='ltr'>ipsum</span> <span class='ocrx_word' id='word_1_63' title='bbox 1047 801 1342 860; x_wconf 78' lang='lat' dir='ltr'>coepissetis</span> <span class='ocrx_word' id='word_1_64' title='bbox 1393 797 1584 845; x_wconf 89' lang='lat' dir='ltr'>habere</span> <span class='ocrx_word' id='word_1_65' title='bbox 1634 816 1781 862; x_wconf 90' lang='lat' dir='ltr'>prae-</span> 
     </span>
     <span class='ocr_line' id='line_1_10' title="bbox 268 865 1780 930; baseline 0.003 -19"><span class='ocrx_word' id='word_1_66' title='bbox 268 869 507 928; x_wconf 89' lang='lat' dir='ltr'>positum.</span> <span class='ocrx_word' id='word_1_67' title='bbox 577 865 895 928; x_wconf 77' lang='lat' dir='ltr'>Tranquillet</span> <span class='ocrx_word' id='word_1_68' title='bbox 919 882 1040 929; x_wconf 86' lang='lat' dir='ltr'>ergo</span> <span class='ocrx_word' id='word_1_69' title='bbox 1063 866 1189 913; x_wconf 89' lang='lat' dir='ltr'>deus</span> <span class='ocrx_word' id='word_1_70' title='bbox 1214 873 1268 913; x_wconf 87' lang='lat' dir='ltr'>et</span> <span class='ocrx_word' id='word_1_71' title='bbox 1289 874 1563 930; x_wconf 88' lang='lat' dir='ltr'>componat</span> <span class='ocrx_word' id='word_1_72' title='bbox 1587 871 1780 915; x_wconf 82' lang='lat' dir='ltr'>animos</span> 
     </span>
     <span class='ocr_line' id='line_1_11' title="bbox 268 933 1781 997; baseline 0.003 -18"><span class='ocrx_word' id='word_1_73' title='bbox 268 941 498 989; x_wconf 77' lang='lat' dir='ltr'>vestros;</span> <span class='ocrx_word' id='word_1_74' title='bbox 553 951 655 980; x_wconf 94' lang='lat' dir='ltr'>non</span> <span class='ocrx_word' id='word_1_75' title='bbox 690 937 742 979; x_wconf 93' lang='lat' dir='ltr'>in</span> <span class='ocrx_word' id='word_1_76' title='bbox 777 935 917 980; x_wconf 87' lang='lat' dir='ltr'>vobis</span> <span class='ocrx_word' id='word_1_77' title='bbox 953 933 1250 996; x_wconf 78' lang='lat' dir='ltr'><strong>praevaleat</strong></span> <span class='ocrx_word' id='word_1_78' title='bbox 1286 951 1411 997; x_wconf 91' lang='lat' dir='ltr'>opus</span> <span class='ocrx_word' id='word_1_79' title='bbox 1448 934 1653 991; x_wconf 88' lang='lat' dir='ltr'>diaboli,</span> <span class='ocrx_word' id='word_1_80' title='bbox 1689 936 1781 984; x_wconf 88' lang='lat' dir='ltr'>sed</span> 
     </span>
     <span class='ocr_line' id='line_1_12' title="bbox 260 1001 1779 1065; baseline 0.003 -18"><span class='ocrx_word' id='word_1_81' title='bbox 260 1019 362 1065; x_wconf 72' lang='lat' dir='ltr'>pax</span> <span class='ocrx_word' id='word_1_82' title='bbox 416 1001 589 1049; x_wconf 77' lang='lat' dir='ltr'><em>Christi</em></span> <span class='ocrx_word' id='word_1_83' title='bbox 637 1001 791 1048; x_wconf 76' lang='lat' dir='ltr'>vincat</span> <span class='ocrx_word' id='word_1_84' title='bbox 838 1001 886 1048; x_wconf 78' lang='lat' dir='ltr'>in</span> <span class='ocrx_word' id='word_1_85' title='bbox 935 1001 1150 1049; x_wconf 74' lang='lat' dir='ltr'><em>cordibus</em></span> <span class='ocrx_word' id='word_1_86' title='bbox 1197 1002 1395 1059; x_wconf 74' lang='lat' dir='ltr'>vestri33</span> <span class='ocrx_word' id='word_1_87' title='bbox 1462 1019 1557 1050; x_wconf 91' lang='lat' dir='ltr'>nec</span> <span class='ocrx_word' id='word_1_88' title='bbox 1606 1003 1779 1051; x_wconf 89' lang='lat' dir='ltr'>dolore</span> 
     </span>
     <span class='ocr_line' id='line_1_13' title="bbox 268 1069 1779 1134; baseline 0.003 -19"><span class='ocrx_word' id='word_1_89' title='bbox 268 1073 440 1125; x_wconf 89' lang='lat' dir='ltr'>animi,</span> <span class='ocrx_word' id='word_1_90' title='bbox 488 1073 606 1133; x_wconf 92' lang='lat' dir='ltr'>quia</span> <span class='ocrx_word' id='word_1_91' title='bbox 653 1087 755 1116; x_wconf 94' lang='lat' dir='ltr'>non</span> <span class='ocrx_word' id='word_1_92' title='bbox 802 1070 859 1116; x_wconf 87' lang='lat' dir='ltr'>fit</span> <span class='ocrx_word' id='word_1_93' title='bbox 907 1070 1044 1133; x_wconf 91' lang='lat' dir='ltr'>quod</span> <span class='ocrx_word' id='word_1_94' title='bbox 1098 1069 1268 1126; x_wconf 84' lang='lat' dir='ltr'>vultis,</span> <span class='ocrx_word' id='word_1_95' title='bbox 1314 1071 1395 1117; x_wconf 90' lang='lat' dir='ltr'>vel</span> <span class='ocrx_word' id='word_1_96' title='bbox 1450 1074 1570 1134; x_wconf 88' lang='lat' dir='ltr'>quia</span> <span class='ocrx_word' id='word_1_97' title='bbox 1613 1072 1779 1134; x_wconf 86' lang='lat' dir='ltr'>pudet</span> 
     </span>
     <span class='ocr_line' id='line_1_14' title="bbox 266 1137 1777 1201; baseline 0.003 -18"><span class='ocrx_word' id='word_1_98' title='bbox 266 1137 482 1184; x_wconf 82' lang='lat' dir='ltr'>voluisse</span> <span class='ocrx_word' id='word_1_99' title='bbox 542 1138 680 1201; x_wconf 92' lang='lat' dir='ltr'>quod</span> <span class='ocrx_word' id='word_1_100' title='bbox 737 1137 866 1184; x_wconf 77' lang='lat' dir='ltr'>velle</span> <span class='ocrx_word' id='word_1_101' title='bbox 934 1155 1036 1184; x_wconf 93' lang='lat' dir='ltr'>non</span> <span class='ocrx_word' id='word_1_102' title='bbox 1103 1139 1369 1195; x_wconf 72' lang='lat' dir='ltr'>debuistis,</span> <span class='ocrx_word' id='word_1_103' title='bbox 1429 1140 1777 1187; x_wconf 89' lang='lat' dir='ltr'>erubescendo</span> 
     </span>
     <span class='ocr_line' id='line_1_15' title="bbox 265 1207 1776 1269; baseline 0.002 -17"><span class='ocrx_word' id='word_1_104' title='bbox 265 1210 477 1252; x_wconf 90' lang='lat' dir='ltr'>curratis</span> <span class='ocrx_word' id='word_1_105' title='bbox 505 1209 557 1252; x_wconf 88' lang='lat' dir='ltr'>in</span> <span class='ocrx_word' id='word_1_106' title='bbox 584 1213 822 1262; x_wconf 89' lang='lat' dir='ltr'>mortem,</span> <span class='ocrx_word' id='word_1_107' title='bbox 851 1207 942 1253; x_wconf 88' lang='lat' dir='ltr'>sed</span> <span class='ocrx_word' id='word_1_108' title='bbox 967 1209 1137 1269; x_wconf 90' lang='lat' dir='ltr'>potius</span> <span class='ocrx_word' id='word_1_109' title='bbox 1165 1207 1478 1269; x_wconf 91' lang='lat' dir='ltr'>paenitendo</span> <span class='ocrx_word' id='word_1_110' title='bbox 1505 1211 1776 1255; x_wconf 89' lang='lat' dir='ltr'>resumatis</span> 
     </span>
     <span class='ocr_line' id='line_1_16' title="bbox 267 1273 1776 1337; baseline 0.003 -18"><span class='ocrx_word' id='word_1_111' title='bbox 267 1273 486 1321; x_wconf 89' lang='lat' dir='ltr'>salutem</span> <span class='ocrx_word' id='word_1_112' title='bbox 515 1291 609 1320; x_wconf 90' lang='lat' dir='ltr'>nec</span> <span class='ocrx_word' id='word_1_113' title='bbox 647 1273 880 1320; x_wconf 82' lang='lat' dir='ltr'>debeatis</span> <span class='ocrx_word' id='word_1_114' title='bbox 916 1278 1292 1337; x_wconf 89' lang='lat' dir='ltr'>paenitentiam</span> <span class='ocrx_word' id='word_1_115' title='bbox 1326 1275 1487 1322; x_wconf 88' lang='lat' dir='ltr'>Iudae</span> <span class='ocrx_word' id='word_1_116' title='bbox 1515 1276 1776 1324; x_wconf 82' lang='lat' dir='ltr'>traditoris</span> 
     </span>
     <span class='ocr_line' id='line_1_17' title="bbox 265 1341 1225 1405; baseline 0 -16"><span class='ocrx_word' id='word_1_117' title='bbox 265 1343 355 1389; x_wconf 90' lang='lat' dir='ltr'>sed</span> <span class='ocrx_word' id='word_1_118' title='bbox 379 1346 548 1405; x_wconf 89' lang='lat' dir='ltr'>potius</span> <span class='ocrx_word' id='word_1_119' title='bbox 572 1342 803 1389; x_wconf 78' lang='lat' dir='ltr'>lacrimas</span> <span class='ocrx_word' id='word_1_120' title='bbox 830 1341 970 1389; x_wconf 89' lang='lat' dir='ltr'>Petri</span> <span class='ocrx_word' id='word_1_121' title='bbox 993 1346 1225 1405; x_wconf 86' lang='lat' dir='ltr'>pastoris.</span> 
     </span>
    </p>

    <p class='ocr_par' dir='ltr' id='par_1_3' title="bbox 214 1410 1775 1951">
     <span class='ocr_line' id='line_1_18' title="bbox 214 1410 1775 1475; baseline 0.002 -19"><span class='ocrx_word' id='word_1_122' title='bbox 214 1419 239 1456; x_wconf 90' lang='lat'>5</span> <span class='ocrx_word' id='word_1_123' title='bbox 330 1410 473 1457; x_wconf 86' lang='lat' dir='ltr'>Haec</span> <span class='ocrx_word' id='word_1_124' title='bbox 533 1417 670 1466; x_wconf 88' lang='lat' dir='ltr'>sunt,</span> <span class='ocrx_word' id='word_1_125' title='bbox 719 1427 851 1474; x_wconf 90' lang='lat' dir='ltr'>quae</span> <span class='ocrx_word' id='word_1_126' title='bbox 900 1417 959 1457; x_wconf 89' lang='lat' dir='ltr'>ut</span> <span class='ocrx_word' id='word_1_127' title='bbox 1006 1412 1287 1458; x_wconf 88' lang='lat' dir='ltr'>observetis</span> <span class='ocrx_word' id='word_1_128' title='bbox 1335 1414 1675 1475; x_wconf 89' lang='lat' dir='ltr'>praecipimus</span> <span class='ocrx_word' id='word_1_129' title='bbox 1721 1415 1775 1459; x_wconf 93' lang='lat' dir='ltr'>in</span> 
     </span>
     <span class='ocr_line' id='line_1_19' title="bbox 261 1478 1774 1543; baseline 0.001 -18"><span class='ocrx_word' id='word_1_130' title='bbox 261 1482 571 1525; x_wconf 88' lang='lat' dir='ltr'>monasterio</span> <span class='ocrx_word' id='word_1_131' title='bbox 599 1482 926 1525; x_wconf 86' lang='lat' dir='ltr'>constitutae.</span> <span class='ocrx_word' id='word_1_132' title='bbox 998 1478 1224 1526; x_wconf 90' lang='lat' dir='ltr'>Primum</span> <span class='ocrx_word' id='word_1_133' title='bbox 1250 1487 1461 1542; x_wconf 88' lang='lat' dir='ltr'>propter</span> <span class='ocrx_word' id='word_1_134' title='bbox 1487 1480 1625 1543; x_wconf 92' lang='lat' dir='ltr'>quod</span> <span class='ocrx_word' id='word_1_135' title='bbox 1652 1483 1774 1528; x_wconf 87' lang='lat' dir='ltr'>estis</span> 
     </span>
     <span class='ocr_line' id='line_1_20' title="bbox 260 1547 1773 1611; baseline 0.002 -18"><span class='ocrx_word' id='word_1_136' title='bbox 260 1549 313 1592; x_wconf 94' lang='lat' dir='ltr'>in</span> <span class='ocrx_word' id='word_1_137' title='bbox 337 1564 495 1593; x_wconf 91' lang='lat' dir='ltr'>unum</span> <span class='ocrx_word' id='word_1_138' title='bbox 519 1554 882 1611; x_wconf 82' lang='lat' dir='ltr'>congregatae,</span> <span class='ocrx_word' id='word_1_139' title='bbox 907 1554 964 1594; x_wconf 91' lang='lat' dir='ltr'>ut</span> <span class='ocrx_word' id='word_1_140' title='bbox 989 1551 1254 1594; x_wconf 80' lang='lat' dir='ltr'>unanimes</span> <span class='ocrx_word' id='word_1_141' title='bbox 1278 1547 1523 1595; x_wconf 89' lang='lat' dir='ltr'>habitetis</span> <span class='ocrx_word' id='word_1_142' title='bbox 1546 1551 1600 1594; x_wconf 92' lang='lat' dir='ltr'>in</span> <span class='ocrx_word' id='word_1_143' title='bbox 1622 1549 1773 1596; x_wconf 89' lang='lat' dir='ltr'>domo</span> 
     </span>
     <span class='ocr_line' id='line_1_21' title="bbox 264 1615 1774 1664; baseline 0.001 -3"><span class='ocrx_word' id='word_1_144' title='bbox 264 1622 317 1661; x_wconf 90' lang='lat' dir='ltr'>et</span> <span class='ocrx_word' id='word_1_145' title='bbox 352 1619 416 1661; x_wconf 89' lang='lat' dir='ltr'>sit</span> <span class='ocrx_word' id='word_1_146' title='bbox 452 1616 591 1662; x_wconf 84' lang='lat' dir='ltr'>vobis</span> <span class='ocrx_word' id='word_1_147' title='bbox 627 1615 785 1661; x_wconf 78' lang='lat' dir='ltr'>anima</span> <span class='ocrx_word' id='word_1_148' title='bbox 819 1632 914 1662; x_wconf 78' lang='lat' dir='ltr'>una</span> <span class='ocrx_word' id='word_1_149' title='bbox 947 1622 990 1661; x_wconf 78' lang='lat' dir='ltr'>et</span> <span class='ocrx_word' id='word_1_150' title='bbox 1022 1632 1100 1662; x_wconf 84' lang='lat' dir='ltr'>cor</span> <span class='ocrx_word' id='word_1_151' title='bbox 1133 1634 1273 1663; x_wconf 81' lang='lat' dir='ltr'>unum</span> <span class='ocrx_word' id='word_1_152' title='bbox 1307 1619 1360 1662; x_wconf 92' lang='lat' dir='ltr'>in</span> <span class='ocrx_word' id='word_1_153' title='bbox 1394 1617 1549 1664; x_wconf 92' lang='lat' dir='ltr'>deum</span> <span class='ocrx_word' id='word_1_154' title='bbox 1584 1623 1637 1663; x_wconf 86' lang='lat' dir='ltr'>et</span> <span class='ocrx_word' id='word_1_155' title='bbox 1670 1634 1774 1664; x_wconf 90' lang='lat' dir='ltr'>non</span> 
     </span>
     <span class='ocr_line' id='line_1_22' title="bbox 262 1683 1773 1747; baseline 0.001 -17"><span class='ocrx_word' id='word_1_156' title='bbox 262 1683 441 1730; x_wconf 76' lang='lat' dir='ltr'>dicatis</span> <span class='ocrx_word' id='word_1_157' title='bbox 475 1683 667 1747; x_wconf 87' lang='lat' dir='ltr'>aliquid</span> <span class='ocrx_word' id='word_1_158' title='bbox 696 1686 975 1746; x_wconf 88' lang='lat' dir='ltr'>proprium,</span> <span class='ocrx_word' id='word_1_159' title='bbox 1008 1684 1099 1730; x_wconf 88' lang='lat' dir='ltr'>sed</span> <span class='ocrx_word' id='word_1_160' title='bbox 1131 1687 1232 1730; x_wconf 83' lang='lat' dir='ltr'>sint</span> <span class='ocrx_word' id='word_1_161' title='bbox 1264 1685 1404 1731; x_wconf 83' lang='lat' dir='ltr'>vobis</span> <span class='ocrx_word' id='word_1_162' title='bbox 1437 1687 1608 1731; x_wconf 83' lang='lat' dir='ltr'>omnia</span> <span class='ocrx_word' id='word_1_163' title='bbox 1638 1701 1773 1732; x_wconf 91' lang='lat' dir='ltr'>com-</span> 
     </span>
     <span class='ocr_line' id='line_1_23' title="bbox 260 1752 1772 1816; baseline 0.002 -19"><span class='ocrx_word' id='word_1_164' title='bbox 260 1755 451 1807; x_wconf 90' lang='lat' dir='ltr'>munia,</span> <span class='ocrx_word' id='word_1_165' title='bbox 496 1759 549 1798; x_wconf 91' lang='lat' dir='ltr'>et</span> <span class='ocrx_word' id='word_1_166' title='bbox 592 1752 928 1798; x_wconf 87' lang='lat' dir='ltr'>distribuatur</span> <span class='ocrx_word' id='word_1_167' title='bbox 970 1755 1242 1815; x_wconf 92' lang='lat' dir='ltr'>unicuique</span> <span class='ocrx_word' id='word_1_168' title='bbox 1285 1760 1513 1799; x_wconf 90' lang='lat' dir='ltr'>vestrum</span> <span class='ocrx_word' id='word_1_169' title='bbox 1556 1769 1586 1799; x_wconf 88' lang='lat' dir='ltr'>a</span> <span class='ocrx_word' id='word_1_170' title='bbox 1625 1769 1772 1816; x_wconf 90' lang='lat' dir='ltr'>prae-</span> 
     </span>
     <span class='ocr_line' id='line_1_24' title="bbox 259 1821 1772 1884; baseline 0.002 -19"><span class='ocrx_word' id='word_1_171' title='bbox 259 1823 425 1882; x_wconf 88' lang='lat' dir='ltr'>posita</span> <span class='ocrx_word' id='word_1_172' title='bbox 461 1827 630 1866; x_wconf 76' lang='lat' dir='ltr'>vestra</span> <span class='ocrx_word' id='word_1_173' title='bbox 665 1823 827 1866; x_wconf 74' lang='lat' dir='ltr'>victus</span> <span class='ocrx_word' id='word_1_174' title='bbox 864 1826 918 1867; x_wconf 90' lang='lat' dir='ltr'>et</span> <span class='ocrx_word' id='word_1_175' title='bbox 951 1826 1315 1884; x_wconf 86' lang='lat' dir='ltr'>tegumentum</span> <span class='ocrx_word' id='word_1_176' title='bbox 1350 1837 1453 1867; x_wconf 92' lang='lat' dir='ltr'>non</span> <span class='ocrx_word' id='word_1_177' title='bbox 1487 1821 1772 1884; x_wconf 85' lang='lat' dir='ltr'>aequaliter</span> 
     </span>
     <span class='ocr_line' id='line_1_25' title="bbox 259 1887 1771 1951; baseline 0.003 -18"><span class='ocrx_word' id='word_1_178' title='bbox 259 1889 510 1943; x_wconf 89' lang='lat' dir='ltr'>omnibus,</span> <span class='ocrx_word' id='word_1_179' title='bbox 559 1891 679 1951; x_wconf 88' lang='lat' dir='ltr'>quia</span> <span class='ocrx_word' id='word_1_180' title='bbox 725 1905 828 1934; x_wconf 91' lang='lat' dir='ltr'>non</span> <span class='ocrx_word' id='word_1_181' title='bbox 876 1887 1161 1951; x_wconf 86' lang='lat' dir='ltr'>aequaliter</span> <span class='ocrx_word' id='word_1_182' title='bbox 1208 1888 1388 1936; x_wconf 89' lang='lat' dir='ltr'>valetis</span> <span class='ocrx_word' id='word_1_183' title='bbox 1437 1905 1631 1945; x_wconf 90' lang='lat' dir='ltr'>omnes,</span> <span class='ocrx_word' id='word_1_184' title='bbox 1679 1890 1771 1937; x_wconf 90' lang='lat' dir='ltr'>sed</span> 
     </span>
    </p>

    <p class='ocr_par' dir='ltr' id='par_1_4' title="bbox 320 1987 1499 2028">
     <span class='ocr_line' id='line_1_26' title="bbox 320 1987 1499 2028; baseline 0.002 -2"><span class='ocrx_word' id='word_1_185' title='bbox 320 1993 338 2011; x_wconf 67' lang='grc' dir='ltr'><em>α</em></span> <span class='ocrx_word' id='word_1_186' title='bbox 375 1991 391 2027; x_wconf 94' lang='lat' dir='ltr'>l</span> <span class='ocrx_word' id='word_1_187' title='bbox 417 1987 540 2027; x_wconf 81' lang='lat' dir='ltr'>John</span> <span class='ocrx_word' id='word_1_188' title='bbox 562 1988 621 2027; x_wconf 90' lang='lat' dir='ltr'>iii.</span> <span class='ocrx_word' id='word_1_189' title='bbox 646 1990 685 2027; x_wconf 85' lang='grc'>8.</span> <span class='ocrx_word' id='word_1_190' title='bbox 1182 1987 1197 2011; x_wconf 73' lang='lat'><em>⁶</em></span> <span class='ocrx_word' id='word_1_191' title='bbox 1231 1987 1324 2028; x_wconf 89' lang='lat' dir='ltr'>Col.</span> <span class='ocrx_word' id='word_1_192' title='bbox 1347 1989 1407 2028; x_wconf 89' lang='lat' dir='ltr'>iii.</span> <span class='ocrx_word' id='word_1_193' title='bbox 1435 1991 1499 2028; x_wconf 88' lang='lat'>15.</span> 
     </span>
    </p>

    <p class='ocr_par' dir='ltr' id='par_1_5' title="bbox 321 2041 1594 2083">
     <span class='ocr_line' id='line_1_27' title="bbox 321 2041 1594 2083; baseline 0.001 -1"><span class='ocrx_word' id='word_1_194' title='bbox 321 2047 335 2066; x_wconf 82' lang='lat'><strong><em>⁰</em></strong></span> <span class='ocrx_word' id='word_1_195' title='bbox 370 2042 503 2082; x_wconf 80' lang='lat' dir='ltr'>Matt.</span> <span class='ocrx_word' id='word_1_196' title='bbox 525 2043 657 2082; x_wconf 80' lang='lat' dir='ltr'>xxvii.</span> <span class='ocrx_word' id='word_1_197' title='bbox 680 2045 769 2083; x_wconf 80' lang='lat'><strong>3-5.</strong></span> <span class='ocrx_word' id='word_1_198' title='bbox 1177 2041 1196 2066; x_wconf 63' lang='grc' dir='ltr'><em>ἀ</em></span> <span class='ocrx_word' id='word_1_199' title='bbox 1232 2043 1364 2083; x_wconf 84' lang='lat' dir='ltr'>Matt.</span> <span class='ocrx_word' id='word_1_200' title='bbox 1387 2045 1501 2083; x_wconf 82' lang='lat' dir='ltr'>xxvi.</span> <span class='ocrx_word' id='word_1_201' title='bbox 1526 2046 1594 2083; x_wconf 80' lang='lat'>75.</span> 
     </span>
    </p>

    <p class='ocr_par' dir='ltr' id='par_1_6' title="bbox 257 2096 1765 2313">
     <span class='ocr_line' id='line_1_28' title="bbox 318 2096 1765 2149; baseline 0.001 -13"><span class='ocrx_word' id='word_1_202' title='bbox 318 2102 333 2120; x_wconf 73' lang='lat'><strong><em>⁰</em></strong></span> <span class='ocrx_word' id='word_1_203' title='bbox 365 2096 459 2137; x_wconf 88' lang='lat' dir='ltr'>The</span> <span class='ocrx_word' id='word_1_204' title='bbox 479 2097 503 2112; x_wconf 92' lang='lat'>“</span> <span class='ocrx_word' id='word_1_205' title='bbox 522 2096 635 2136; x_wconf 85' lang='lat' dir='ltr'>Rule</span> <span class='ocrx_word' id='word_1_206' title='bbox 651 2096 677 2113; x_wconf 87' lang='lat'>&#39;’</span> <span class='ocrx_word' id='word_1_207' title='bbox 696 2110 857 2148; x_wconf 87' lang='lat' dir='ltr'>proper</span> <span class='ocrx_word' id='word_1_208' title='bbox 874 2096 1032 2148; x_wconf 86' lang='lat' dir='ltr'>begins</span> <span class='ocrx_word' id='word_1_209' title='bbox 1051 2096 1166 2137; x_wconf 87' lang='lat' dir='ltr'>here.</span> <span class='ocrx_word' id='word_1_210' title='bbox 1214 2097 1267 2137; x_wconf 92' lang='lat' dir='ltr'>In</span> <span class='ocrx_word' id='word_1_211' title='bbox 1285 2097 1360 2138; x_wconf 90' lang='lat' dir='ltr'>the</span> <span class='ocrx_word' id='word_1_212' title='bbox 1377 2099 1550 2138; x_wconf 87' lang='lat' dir='ltr'>version</span> <span class='ocrx_word' id='word_1_213' title='bbox 1568 2097 1765 2149; x_wconf 85' lang='lat' dir='ltr'>adapted</span> 
     </span>
     <span class='ocr_line' id='line_1_29' title="bbox 259 2151 1765 2203; baseline 0.001 -12"><span class='ocrx_word' id='word_1_214' title='bbox 259 2155 305 2191; x_wconf 92' lang='lat' dir='ltr'>to</span> <span class='ocrx_word' id='word_1_215' title='bbox 335 2151 450 2192; x_wconf 90' lang='lat' dir='ltr'>male</span> <span class='ocrx_word' id='word_1_216' title='bbox 479 2164 556 2191; x_wconf 89' lang='lat' dir='ltr'>use</span> <span class='ocrx_word' id='word_1_217' title='bbox 584 2151 659 2191; x_wconf 88' lang='lat' dir='ltr'>the</span> <span class='ocrx_word' id='word_1_218' title='bbox 687 2153 892 2203; x_wconf 86' lang='lat' dir='ltr'>previous</span> <span class='ocrx_word' id='word_1_219' title='bbox 922 2153 1111 2192; x_wconf 84' lang='lat' dir='ltr'>sections</span> <span class='ocrx_word' id='word_1_220' title='bbox 1140 2165 1214 2192; x_wconf 91' lang='lat' dir='ltr'>are</span> <span class='ocrx_word' id='word_1_221' title='bbox 1243 2152 1428 2192; x_wconf 84' lang='lat' dir='ltr'>omitted</span> <span class='ocrx_word' id='word_1_222' title='bbox 1458 2151 1547 2192; x_wconf 89' lang='lat' dir='ltr'>and</span> <span class='ocrx_word' id='word_1_223' title='bbox 1577 2154 1621 2192; x_wconf 93' lang='lat' dir='ltr'>in</span> <span class='ocrx_word' id='word_1_224' title='bbox 1650 2152 1765 2193; x_wconf 88' lang='lat' dir='ltr'>their</span> 
     </span>
     <span class='ocr_line' id='line_1_30' title="bbox 259 2204 1763 2259; baseline 0.001 -14"><span class='ocrx_word' id='word_1_225' title='bbox 259 2205 385 2257; x_wconf 89' lang='lat' dir='ltr'>place</span> <span class='ocrx_word' id='word_1_226' title='bbox 402 2208 436 2246; x_wconf 83' lang='lat' dir='ltr'>is</span> <span class='ocrx_word' id='word_1_227' title='bbox 453 2219 479 2245; x_wconf 87' lang='lat' dir='ltr'>a</span> <span class='ocrx_word' id='word_1_228' title='bbox 496 2205 619 2246; x_wconf 87' lang='lat' dir='ltr'>short</span> <span class='ocrx_word' id='word_1_229' title='bbox 634 2204 950 2252; x_wconf 85' lang='lat' dir='ltr'>introduction,</span> <span class='ocrx_word' id='word_1_230' title='bbox 967 2207 1255 2258; x_wconf 83' lang='lat' dir='ltr'>comprising,</span> <span class='ocrx_word' id='word_1_231' title='bbox 1273 2220 1439 2259; x_wconf 86' lang='lat' dir='ltr'>among</span> <span class='ocrx_word' id='word_1_232' title='bbox 1455 2206 1581 2247; x_wconf 88' lang='lat' dir='ltr'>other</span> <span class='ocrx_word' id='word_1_233' title='bbox 1596 2207 1763 2259; x_wconf 87' lang='lat' dir='ltr'>things,</span> 
     </span>
     <span class='ocr_line' id='line_1_31' title="bbox 257 2259 1761 2313; baseline 0.001 -13"><span class='ocrx_word' id='word_1_234' title='bbox 257 2259 478 2312; x_wconf 83' lang='lat' dir='ltr'>liturgical</span> <span class='ocrx_word' id='word_1_235' title='bbox 500 2260 783 2311; x_wconf 87' lang='lat' dir='ltr'>injunctions,</span> <span class='ocrx_word' id='word_1_236' title='bbox 800 2259 959 2312; x_wconf 82' lang='lat' dir='ltr'>passed</span> <span class='ocrx_word' id='word_1_237' title='bbox 981 2274 1084 2301; x_wconf 90' lang='lat' dir='ltr'>over</span> <span class='ocrx_word' id='word_1_238' title='bbox 1099 2274 1205 2312; x_wconf 85' lang='lat' dir='ltr'>very</span> <span class='ocrx_word' id='word_1_239' title='bbox 1222 2260 1384 2313; x_wconf 79' lang='lat' dir='ltr'>lightly</span> <span class='ocrx_word' id='word_1_240' title='bbox 1400 2263 1444 2301; x_wconf 91' lang='lat' dir='ltr'>in</span> <span class='ocrx_word' id='word_1_241' title='bbox 1460 2261 1535 2302; x_wconf 88' lang='lat' dir='ltr'>the</span> <span class='ocrx_word' id='word_1_242' title='bbox 1552 2261 1576 2276; x_wconf 92' lang='lat'>“</span> <span class='ocrx_word' id='word_1_243' title='bbox 1599 2260 1761 2302; x_wconf 84' lang='lat' dir='ltr'>Rule.&#39;’</span> 
     </span>
    </p>

    <p class='ocr_par' dir='ltr' id='par_1_7' title="bbox 255 2314 1769 2530">
     <span class='ocr_line' id='line_1_32' title="bbox 315 2314 1769 2368; baseline 0.001 -13"><span class='ocrx_word' id='word_1_244' title='bbox 315 2315 332 2342; x_wconf 77' lang='lat' dir='ltr'><strong><em>s</em></strong></span> <span class='ocrx_word' id='word_1_245' title='bbox 362 2316 471 2355; x_wconf 73' lang='lat' dir='ltr'>Acts</span> <span class='ocrx_word' id='word_1_246' title='bbox 515 2316 570 2355; x_wconf 90' lang='lat' dir='ltr'>iv.</span> <span class='ocrx_word' id='word_1_247' title='bbox 615 2318 685 2355; x_wconf 75' lang='lat'>32.</span> <span class='ocrx_word' id='word_1_248' title='bbox 748 2314 1031 2355; x_wconf 88' lang='lat' dir='ltr'>Goldbacher</span> <span class='ocrx_word' id='word_1_249' title='bbox 1074 2315 1201 2355; x_wconf 88' lang='lat' dir='ltr'>reads</span> <span class='ocrx_word' id='word_1_250' title='bbox 1243 2315 1349 2355; x_wconf 81' lang='lat' dir='ltr'>with</span> <span class='ocrx_word' id='word_1_251' title='bbox 1392 2329 1476 2356; x_wconf 89' lang='lat' dir='ltr'>one</span> <span class='ocrx_word' id='word_1_252' title='bbox 1517 2315 1675 2368; x_wconf 85' lang='lat' dir='ltr'>family</span> <span class='ocrx_word' id='word_1_253' title='bbox 1717 2317 1769 2356; x_wconf 84' lang='lat' dir='ltr'>of</span> 
     </span>
     <span class='ocr_line' id='line_1_33' title="bbox 258 2369 1763 2421; baseline 0.001 -13"><span class='ocrx_word' id='word_1_254' title='bbox 258 2371 553 2421; x_wconf 85' lang='lat' dir='ltr'>manuscripts</span> <span class='ocrx_word' id='word_1_255' title='bbox 574 2383 645 2409; x_wconf 79' lang='lat' dir='ltr'>cor</span> <span class='ocrx_word' id='word_1_256' title='bbox 666 2383 803 2409; x_wconf 76' lang='lat' dir='ltr'>unum</span> <span class='ocrx_word' id='word_1_257' title='bbox 824 2373 862 2409; x_wconf 76' lang='lat' dir='ltr'>et</span> <span class='ocrx_word' id='word_1_258' title='bbox 883 2370 1034 2409; x_wconf 72' lang='lat' dir='ltr'>anima</span> <span class='ocrx_word' id='word_1_259' title='bbox 1054 2383 1159 2417; x_wconf 80' lang='lat' dir='ltr'>una,</span> <span class='ocrx_word' id='word_1_260' title='bbox 1180 2369 1323 2410; x_wconf 81' lang='lat' dir='ltr'>which</span> <span class='ocrx_word' id='word_1_261' title='bbox 1348 2369 1518 2410; x_wconf 87' lang='lat' dir='ltr'>follows</span> <span class='ocrx_word' id='word_1_262' title='bbox 1538 2370 1613 2410; x_wconf 85' lang='lat' dir='ltr'>the</span> <span class='ocrx_word' id='word_1_263' title='bbox 1634 2369 1763 2411; x_wconf 88' lang='lat' dir='ltr'>order</span> 
     </span>
     <span class='ocr_line' id='line_1_34' title="bbox 257 2422 1762 2477; baseline 0 -13"><span class='ocrx_word' id='word_1_264' title='bbox 257 2425 307 2464; x_wconf 91' lang='lat' dir='ltr'>of</span> <span class='ocrx_word' id='word_1_265' title='bbox 330 2424 404 2464; x_wconf 87' lang='lat' dir='ltr'>the</span> <span class='ocrx_word' id='word_1_266' title='bbox 426 2422 574 2464; x_wconf 87' lang='lat' dir='ltr'>Greek</span> <span class='ocrx_word' id='word_1_267' title='bbox 596 2423 685 2463; x_wconf 87' lang='lat' dir='ltr'>and</span> <span class='ocrx_word' id='word_1_268' title='bbox 713 2423 788 2463; x_wconf 89' lang='lat' dir='ltr'>the</span> <span class='ocrx_word' id='word_1_269' title='bbox 817 2422 1025 2475; x_wconf 71' lang='lat' dir='ltr'>Vulgate.</span> <span class='ocrx_word' id='word_1_270' title='bbox 1090 2423 1178 2464; x_wconf 89' lang='lat' dir='ltr'>But</span> <span class='ocrx_word' id='word_1_271' title='bbox 1198 2428 1276 2464; x_wconf 87' lang='lat' dir='ltr'>not</span> <span class='ocrx_word' id='word_1_272' title='bbox 1299 2423 1406 2476; x_wconf 91' lang='lat' dir='ltr'>only</span> <span class='ocrx_word' id='word_1_273' title='bbox 1426 2426 1461 2465; x_wconf 89' lang='lat' dir='ltr'>is</span> <span class='ocrx_word' id='word_1_274' title='bbox 1481 2424 1556 2464; x_wconf 90' lang='lat' dir='ltr'>the</span> <span class='ocrx_word' id='word_1_275' title='bbox 1576 2424 1762 2477; x_wconf 89' lang='lat' dir='ltr'>reading</span> 
     </span>
     <span class='ocr_line' id='line_1_35' title="bbox 255 2477 1761 2530; baseline 0.001 -13"><span class='ocrx_word' id='word_1_276' title='bbox 255 2479 405 2518; x_wconf 79' lang='lat' dir='ltr'>anima</span> <span class='ocrx_word' id='word_1_277' title='bbox 436 2493 524 2518; x_wconf 80' lang='lat' dir='ltr'>una</span> <span class='ocrx_word' id='word_1_278' title='bbox 553 2482 592 2517; x_wconf 77' lang='lat' dir='ltr'>et</span> <span class='ocrx_word' id='word_1_279' title='bbox 622 2492 694 2518; x_wconf 85' lang='lat' dir='ltr'>cor</span> <span class='ocrx_word' id='word_1_280' title='bbox 722 2492 859 2518; x_wconf 76' lang='lat' dir='ltr'>unum</span> <span class='ocrx_word' id='word_1_281' title='bbox 895 2477 1081 2518; x_wconf 86' lang='lat' dir='ltr'>attested</span> <span class='ocrx_word' id='word_1_282' title='bbox 1117 2478 1179 2530; x_wconf 92' lang='lat' dir='ltr'>by</span> <span class='ocrx_word' id='word_1_283' title='bbox 1209 2492 1235 2518; x_wconf 89' lang='lat' dir='ltr'>a</span> <span class='ocrx_word' id='word_1_284' title='bbox 1264 2478 1406 2519; x_wconf 90' lang='lat' dir='ltr'>better</span> <span class='ocrx_word' id='word_1_285' title='bbox 1433 2478 1622 2530; x_wconf 82' lang='lat' dir='ltr'>family;</span> <span class='ocrx_word' id='word_1_286' title='bbox 1663 2480 1698 2520; x_wconf 86' lang='lat' dir='ltr'>it</span> <span class='ocrx_word' id='word_1_287' title='bbox 1724 2480 1761 2520; x_wconf 91' lang='lat' dir='ltr'>is</span> 
     </span>
    </p>
   </div>
   <div class='ocr_carea' id='block_1_3' title="bbox 253 2532 1762 2641">
    <p class='ocr_par' dir='ltr' id='par_1_8' title="bbox 253 2532 1762 2641">
     <span class='ocr_line' id='line_1_36' title="bbox 253 2532 1761 2586; baseline 0 -13"><span class='ocrx_word' id='word_1_288' title='bbox 253 2534 461 2584; x_wconf 80' lang='lat' dir='ltr'>frequent</span> <span class='ocrx_word' id='word_1_289' title='bbox 503 2532 592 2572; x_wconf 87' lang='lat' dir='ltr'>and</span> <span class='ocrx_word' id='word_1_290' title='bbox 636 2532 797 2573; x_wconf 88' lang='lat' dir='ltr'>almost</span> <span class='ocrx_word' id='word_1_291' title='bbox 839 2532 1082 2573; x_wconf 88' lang='lat' dir='ltr'>invariable</span> <span class='ocrx_word' id='word_1_292' title='bbox 1121 2535 1165 2573; x_wconf 93' lang='lat' dir='ltr'>in</span> <span class='ocrx_word' id='word_1_293' title='bbox 1205 2534 1471 2586; x_wconf 88' lang='lat' dir='ltr'>Augustine.</span> <span class='ocrx_word' id='word_1_294' title='bbox 1533 2532 1761 2586; x_wconf 88' lang='lat' dir='ltr'>Similarly</span> 
     </span>
     <span class='ocr_line' id='line_1_37' title="bbox 258 2586 1762 2641; baseline 0.001 -13"><span class='ocrx_word' id='word_1_295' title='bbox 258 2587 542 2629; x_wconf 86' lang='lat' dir='ltr'>Goldbacher</span> <span class='ocrx_word' id='word_1_296' title='bbox 558 2586 691 2628; x_wconf 86' lang='lat' dir='ltr'>lower</span> <span class='ocrx_word' id='word_1_297' title='bbox 706 2587 838 2630; x_wconf 80' lang='lat' dir='ltr'>down</span> <span class='ocrx_word' id='word_1_298' title='bbox 854 2586 981 2629; x_wconf 87' lang='lat' dir='ltr'>reads</span> <span class='ocrx_word' id='word_1_299' title='bbox 997 2588 1190 2640; x_wconf 73' lang='lat' dir='ltr'>sinyulis</span> <span class='ocrx_word' id='word_1_300' title='bbox 1208 2592 1359 2641; x_wconf 80' lang='lat' dir='ltr'>prout,</span> <span class='ocrx_word' id='word_1_301' title='bbox 1376 2601 1403 2630; x_wconf 89' lang='lat' dir='ltr'>a</span> <span class='ocrx_word' id='word_1_302' title='bbox 1418 2587 1614 2641; x_wconf 85' lang='lat' dir='ltr'>vulgate</span> <span class='ocrx_word' id='word_1_303' title='bbox 1628 2589 1762 2636; x_wconf 87' lang='lat' dir='ltr'>form,</span> 
     </span>
    </p>
   </div>
   <div class='ocr_carea' id='block_1_4' title="bbox 258 2647 355 2690">
    <p class='ocr_par' dir='ltr' id='par_1_9' title="bbox 258 2647 355 2690">
     <span class='ocr_line' id='line_1_38' title="bbox 258 2647 355 2690; baseline -0.021 0"><span class='ocrx_word' id='word_1_304' title='bbox 258 2647 355 2690; x_wconf 84' lang='lat'>380</span> 
     </span>
    </p>
   </div>
  </div>
 </body>
</html>
