1866 2964
747 162 838 211 ST.
877 164 1285 212 AUGUSTINE

261 297 445 350 sentio,
479 301 555 349 ut,
588 312 703 341 cum
738 298 960 342 animam
994 302 1138 342 tuam
1171 303 1280 342 tam
1312 297 1500 343 bonam
1531 295 1670 344 levas
1704 296 1769 344 ad

260 363 541 418 dominum,
580 366 820 426 quoniam
856 367 909 409 in
944 363 1030 409 illa
1066 380 1149 410 me
1186 363 1364 420 habes,
1400 363 1538 411 leves
1577 371 1632 411 et
1666 381 1767 411 me.

262 431 434 477 Debui
470 447 591 494 ergo
620 448 754 477 nunc
781 430 933 478 libros
961 435 1190 488 mittere,
1219 449 1344 495 quos
1374 433 1768 480 emendaturum

259 515 343 545 me
396 515 506 545 esse
556 502 889 561 promiseram
942 507 995 546 et
1040 500 1157 547 ideo
1204 517 1308 546 non
1352 503 1466 547 misi
1513 503 1633 564 quia
1667 518 1769 556 non

261 567 548 621 emendavi,
573 584 675 612 non
707 570 827 629 quia
858 566 1013 623 nolui,
1042 568 1134 614 sed
1167 571 1286 630 quia
1317 585 1419 614 non
1449 571 1614 631 potui,
1638 571 1769 615 curis

261 633 499 681 videlicet
521 634 695 681 multis
719 642 773 681 et
794 635 1015 682 multum
1035 635 1450 698 praevalentibus
1473 643 1767 699 occupatus.

262 702 423 749 Nimis
461 709 636 748 autem
671 706 933 766 ingratum
971 720 1028 749 ac
1064 702 1287 750 ferreum
1323 702 1440 759 fuit,
1476 711 1536 751 ut
1571 711 1645 760 te,
1682 707 1769 767 qui

258 787 348 817 nos
384 773 453 816 sic
486 787 644 826 amas,
685 769 766 817 hic
808 778 1013 818 sanctus
1049 770 1210 818 frater
1252 778 1306 818 et
1352 771 1549 836 collega
1594 779 1770 819 noster

260 837 534 894 Possidius,
562 841 615 884 in
652 855 753 902 quo
782 846 1010 886 nostram
1043 857 1145 886 non
1177 856 1387 903 parvam
1419 843 1769 903 praesentiam

256 909 499 969 reperies,
525 905 607 953 vel
632 923 734 953 non
760 907 981 954 disceret
1007 907 1088 954 vel
1114 910 1222 954 sine
1249 911 1433 955 nostris
1458 907 1644 955 litteris
1671 908 1771 956 dis-

257 981 413 1021 ceret.
441 974 536 1020 Est
562 977 699 1021 enim
722 991 815 1037 per
838 982 1069 1022 nostrum
1094 979 1434 1023 ministerium
1458 993 1561 1023 non
1583 975 1770 1023 litteris

256 1041 352 1088 illis
395 1059 521 1105 quas
552 1046 805 1089 variarum
841 1047 972 1090 servi
1001 1043 1270 1091 libidinum
1298 1043 1535 1091 liberales
1565 1051 1768 1100 vocant,

257 1110 349 1157 sed
385 1111 637 1157 dominico
672 1127 806 1174 pane
843 1114 1087 1168 nutritus,
1124 1119 1346 1176 quantus
1385 1115 1431 1158 ei
1471 1115 1642 1175 potuit
1677 1128 1770 1175 per

256 1185 455 1225 nostras
480 1182 742 1243 angustias
766 1179 1064 1242 dispensari.

208 1253 233 1291 2
323 1246 461 1305 Quid
496 1250 632 1293 enim
669 1246 806 1294 aliud
841 1248 1115 1295 dicendum
1152 1255 1231 1294 est
1268 1250 1358 1303 eis,
1393 1251 1480 1311 qui
1516 1264 1631 1294 cum
1666 1250 1770 1294 sint

254 1316 415 1377 iniqui
451 1322 505 1361 et
539 1318 699 1377 impii,
727 1314 1008 1362 liberaliter
1043 1317 1137 1362 sibi
1171 1316 1411 1363 videntur
1441 1316 1646 1372 eruditi,
1674 1318 1769 1362 nisi

257 1383 394 1444 quod
418 1385 470 1428 in
493 1381 679 1430 litteris
703 1400 822 1430 vere
846 1383 1140 1430 liberalibus
1163 1383 1381 1448 legimus
1406 1400 1416 1430 :
1459 1383 1512 1430 Si
1535 1400 1616 1430 vos
1623 1382 1769 1447 filius

255 1449 533 1506 liberaverit,
569 1458 676 1497 tunc
710 1467 812 1498 vere
854 1451 985 1499 liberi
1019 1451 1188 1498 eritis?
1257 1451 1354 1498 Per
1391 1468 1509 1498 eum
1544 1468 1768 1515 namque

254 1526 566 1580 praestatur,
593 1526 651 1565 ut
677 1522 818 1582 ipsae
848 1523 1006 1566 etiam
1042 1536 1174 1583 quae
1209 1519 1445 1567 liberales
1472 1519 1768 1582 disciplinae

257 1586 321 1632 ab
354 1590 425 1632 eis
456 1590 542 1650 qui
563 1590 616 1632 in
636 1586 933 1634 libertatem
955 1591 1121 1634 vocati
1143 1605 1245 1634 non
1267 1595 1404 1644 sunt,
1427 1587 1769 1651 appellantur,

256 1655 379 1716 quid
407 1657 460 1700 in
489 1671 543 1701 se
580 1653 809 1702 habeant
843 1655 1053 1702 liberale
1086 1663 1340 1703 noscatur.
1419 1656 1601 1719 Neque
1632 1659 1767 1702 enim

254 1720 450 1768 habent
491 1739 773 1786 congruum
812 1722 1060 1780 libertati,
1101 1727 1196 1770 nisi
1238 1724 1375 1787 quod
1415 1723 1611 1771 habent
1651 1741 1768 1770 con-

253 1807 439 1853 gruum
480 1794 702 1837 veritati.
781 1791 933 1839 Unde
975 1791 1058 1838 ille
1100 1796 1208 1855 ipse
1251 1791 1416 1838 filius:
1475 1791 1539 1838 Et
1578 1791 1768 1847 veritas,

254 1861 439 1921 inquit,
466 1857 677 1905 liberabit
701 1876 796 1906 vos.
859 1859 973 1906 Non
1001 1876 1122 1924 ergo
1148 1859 1263 1906 illae
1290 1858 1686 1906 innumerabiles
1714 1867 1768 1906 et

254 1929 442 1988 impiae
472 1924 697 1982 fabulae,
727 1928 910 1990 quibus
939 1944 1185 1974 vanorum
1214 1927 1367 1991 plena
1395 1935 1515 1974 sunt
1544 1931 1769 1974 carmina

253 2001 542 2056 poetarum,
590 1994 691 2041 ullo
738 1996 891 2042 modo
939 2003 1144 2042 nostrae
1192 2003 1475 2042 consonant
1520 1994 1768 2052 libertati,

254 2078 356 2108 non
407 2069 667 2109 oratorum
716 2063 895 2110 inflata
947 2071 1000 2110 et
1052 2063 1279 2127 expolita
1328 2064 1614 2120 mendacia,
1664 2080 1767 2110 non

320 2213 338 2231 ‘²
373 2208 635 2249 Mentioned
651 2209 793 2251 above
814 2223 870 2250 on
887 2223 963 2263 pp.
986 2213 1064 2251 106
1082 2210 1172 2250 and
1200 2213 1292 2252 1528.
1346 2211 1408 2251 At
1423 2224 1449 2250 a
1470 2209 1645 2251 council
1664 2209 1767 2251 held

261 2263 305 2302 in
339 2263 563 2316 Carthage
592 2277 650 2304 on
680 2264 800 2305 June
834 2269 899 2313 14,
930 2268 1029 2313 409,
1060 2265 1115 2305 he
1144 2279 1234 2305 was
1263 2279 1347 2306 one
1377 2267 1428 2305 of
1451 2266 1552 2306 four
1581 2266 1767 2305 African

259 2317 442 2370 bishops
476 2319 575 2358 who
608 2332 721 2359 were
754 2319 950 2372 deputed
982 2324 1028 2360 to
1062 2324 1239 2372 request
1270 2319 1345 2361 the
1378 2319 1635 2372 Emperor’s
1667 2332 1769 2372 pro-

258 2374 423 2413 tection
458 2373 576 2413 from
613 2373 689 2414 the
724 2374 830 2426 fury
866 2375 917 2414 of
947 2374 1022 2415 the
1059 2374 1304 2415 Donatists.
1371 2375 1441 2415 He
1476 2374 1704 2426 conveyed
1741 2388 1767 2414 a

258 2425 386 2467 letter
420 2427 537 2467 from
577 2428 830 2480 Augustine
866 2433 912 2469 to
952 2428 1165 2469 Paulinus
1203 2433 1250 2469 at
1288 2428 1420 2477 Nola,
1458 2429 1540 2469 but
1577 2428 1768 2482 nothing

260 2494 382 2521 more
404 2483 438 2521 is
462 2481 627 2522 known
649 2483 700 2522 of
716 2482 784 2523 his
799 2483 993 2535 journey
1014 2497 1063 2523 or
1085 2483 1152 2524 his
1175 2485 1371 2524 mission.

323 2534 338 2559 ⁶
370 2535 492 2576 John
514 2538 602 2577 viii.
626 2539 695 2578 36.
1220 2543 1234 2562 ⁰
1265 2538 1388 2579 John
1409 2539 1498 2579 viii.
1521 2539 1591 2579 32.

271 2606 363 2653 190
