1866 2964
770 191 861 239 ST.
898 189 1306 238 AUGUSTINE

282 332 455 381 antea,
501 327 587 388 qui
631 322 759 370 haec
799 341 902 370 non
940 322 1332 386 prohibuerunt,
1372 319 1647 368 Christiani
1686 338 1789 368 non

283 396 483 444 erant.'’
552 396 666 455 Quo
691 396 884 451 audito,
906 412 1031 459 quas
1055 398 1186 442 sicut
1203 397 1420 441 maiores
1435 393 1789 441 commovendi

282 486 367 516 eos
396 467 658 516 machinas
686 483 1067 531 praepararem,
1090 469 1295 514 omnino
1324 466 1647 522 nesciebam3
1691 465 1791 525 dis-

277 542 535 604 ponebam
575 548 772 596 tamen,
809 543 850 586 si
884 539 1318 602 perseverandum
1353 545 1618 601 putarent,
1652 536 1789 584 lecto

276 612 361 659 illo
389 612 499 659 loco
529 613 593 659 de
620 611 876 675 propheta
902 610 1173 658 Ezechiele
1195 627 1205 657 :
1247 609 1275 626 “
1294 609 1602 673 Explorator
1627 607 1789 656 absol-

280 688 432 741 fitur,
464 688 504 732 si
538 684 821 747 periculum
856 684 1256 739 denuntiaverit,
1290 686 1448 729 etiam
1483 685 1525 729 si
1557 681 1648 738 illi,
1680 683 1789 744 qui-

277 757 373 804 bus
405 757 759 812 denuntiatur,
787 772 967 803 cavere
995 753 1305 812 noluerint,''
1332 758 1645 802 vestimenta
1671 769 1789 800 mea

278 836 523 876 excutere
545 836 703 892 atque
725 829 1004 876 discedere.
1071 828 1201 874 Tun]
1222 844 1342 874 vero
1363 827 1597 874 dominus
1619 832 1790 873 osten-

278 902 355 948 dit
385 901 522 964 quod
551 918 642 947 nos
671 918 775 947 non
804 901 1028 956 deserat,
1058 907 1112 946 et
1141 901 1325 964 quibus
1353 900 1536 955 modis,
1562 902 1616 945 in
1644 914 1699 944 se
1729 903 1789 943 ut

275 989 682 1036 praesumamus,
715 971 986 1028 hortetur3
1038 988 1263 1035 namque
1299 979 1421 1018 ante
1455 970 1651 1027 horam,
1687 985 1789 1033 qua

277 1043 559 1092 exhedram
592 1045 1003 1100 ascenderemus,
1033 1047 1249 1109 ingressi
1281 1051 1402 1091 sunt
1435 1044 1501 1091 ad
1532 1060 1616 1090 me
1649 1043 1787 1090 idem

274 1120 389 1180 ipsi,
423 1134 550 1180 quos
585 1118 847 1164 audieram
882 1117 946 1164 de
981 1119 1367 1181 oppugnatione
1400 1123 1638 1163 vetustae
1671 1131 1789 1161 con—

276 1190 562 1236 suetudinis
589 1188 745 1236 fuisse
773 1196 1096 1253 conquestos
1166 1188 1306 1247 Quos
1333 1187 1522 1235 blande
1551 1193 1788 1251 acceptos

275 1264 449 1324 paucis
475 1262 642 1307 verbis
667 1265 719 1307 in
745 1264 1059 1308 sententiam
1086 1278 1263 1307 sanam
1287 1259 1543 1307 transtuli.
1611 1260 1787 1322 Atque

276 1334 365 1380 ubi
392 1340 605 1380 ventum
634 1340 713 1380 est
743 1334 808 1380 ad
835 1340 1041 1396 tempus
1069 1333 1448 1396 disputationis,
1477 1335 1663 1379 omissa
1687 1330 1789 1378 lec-

275 1408 416 1452 tione
450 1422 605 1467 quam
636 1421 1080 1468 praeparaveram,
1105 1408 1225 1468 quia
1252 1406 1663 1451 necessariaiam
1686 1419 1788 1450 non

275 1477 565 1533 videbatur,
603 1477 667 1524 de
714 1476 810 1524 hac
851 1481 962 1540 ipsa
1005 1481 1308 1541 quaestione
1350 1493 1516 1539 pauca
1557 1476 1788 1532 disserui,

277 1548 401 1595 nihil
441 1566 532 1595 nos
570 1566 665 1596 nec
701 1550 904 1596 brevius
941 1566 1037 1596 nec
1072 1552 1239 1596 verius
1275 1565 1424 1612 posse
1462 1546 1663 1596 adferre
1702 1548 1789 1595 ad-

277 1638 450 1668 versus
480 1637 565 1667 eos
596 1624 683 1684 qui
713 1622 890 1668 dicunt
913 1638 924 1668 :
968 1621 995 1636 “
1022 1621 1193 1680 Quare
1217 1621 1370 1668 modo
1394 1621 1412 1667 ?
1438 1619 1466 1636 ''
1491 1624 1587 1668 nisi
1613 1627 1668 1668 et
1696 1636 1787 1667 nos

276 1694 502 1740 dicamus
525 1709 535 1738 ε
570 1692 597 1708 “
622 1692 718 1739 Vel
741 1692 947 1740 modo.’'

227 1773 251 1812 9
339 1764 530 1811 Verum
565 1771 743 1811 tamen
779 1782 844 1811 ne
879 1764 950 1811 illi
984 1768 1070 1828 qui
1101 1772 1223 1811 ante
1253 1781 1344 1812 nos
1374 1771 1483 1811 tam
1512 1763 1789 1811 manifesta

273 1840 527 1899 inperitae
568 1836 912 1883 multitudinis
953 1840 1163 1883 crimina
1203 1835 1284 1883 vel
1323 1840 1669 1900 permiserunt
1708 1836 1789 1883 vel

273 1908 544 1971 prohibere
583 1926 685 1955 non
724 1912 832 1955 ausi
870 1916 1007 1964 sunt,
1046 1908 1217 1972 aliqua
1255 1925 1284 1954 a
1321 1910 1466 1956 nobis
1504 1909 1632 1955 affici
1670 1925 1787 1956 con-

273 1980 487 2027 tumelia
515 1981 829 2036 viderentur,
859 1984 1071 2044 exposui
1101 1984 1191 2037 eis,
1220 1998 1322 2045 qua
1349 1984 1659 2028 necessitate
1688 1984 1788 2028 ista

273 2056 326 2098 in
353 2052 565 2099 ecclesia
591 2053 889 2100 viderentur
916 2060 1111 2099 exorta.
1180 2051 1384 2100 Scilicet
1408 2059 1526 2116 post
1551 2069 1789 2116 persecu-

338 2199 355 2217 α
393 2192 463 2244 Cf.
489 2192 625 2233 Ezek.
649 2195 795 2233 xxxiii.
819 2196 859 2234 9.

343 2247 359 2272 ὃ
389 2247 603 2295 Ereclrae,
626 2252 793 2298 ἐξέδραι,
815 2262 927 2288 were
949 2248 1186 2300 originally
1207 2261 1411 2296 recesses‚
1433 2248 1718 2301 rectangular
1737 2262 1786 2289 or

274 2302 607 2350 semi-circular,
629 2305 826 2354 opening
847 2307 925 2343 out
946 2304 996 2342 of
1022 2303 1095 2343 the
1120 2303 1301 2350 chureh,
1331 2303 1452 2349 then,
1483 2302 1607 2351 later,
1637 2316 1784 2344 rooms

279 2357 384 2397 with
407 2362 536 2397 seats.
593 2357 710 2398 Here
731 2357 820 2397 and
837 2357 1070 2398 elsewhere
1087 2360 1130 2398 in
1149 2359 1401 2410 Augustine
1416 2357 1491 2398 the
1506 2357 1627 2398 word
1644 2371 1784 2399 seems

279 2415 326 2452 to
343 2425 472 2451 mean
491 2412 587 2452 that
603 2417 703 2464 part
725 2414 775 2452 of
786 2412 860 2452 the
876 2412 1041 2452 church
1059 2412 1201 2452 which
1220 2412 1308 2452 had
1325 2416 1440 2453 seats
1456 2412 1545 2452 and
1562 2412 1785 2465 projected

282 2466 520 2513 outwardffi
540 2467 607 2507 oze.
627 2466 701 2507 the
718 2468 893 2518 portion
911 2465 1021 2506 later
1038 2466 1201 2507 known
1220 2480 1268 2507 as
1287 2467 1312 2483 “
1332 2467 1455 2507 choir
1475 2467 1501 2483 '⁹
1518 2481 1568 2507 or
1586 2467 1611 2483 “
1632 2467 1785 2519 apse.”

280 2520 322 2560 It
349 2534 439 2560 was
468 2520 611 2561 raised
641 2521 782 2561 above
810 2521 885 2561 the
914 2535 1025 2561 nave
1054 2521 1144 2571 (see
1177 2521 1273 2562 Civ.
1303 2521 1401 2568 Dei,
1430 2524 1499 2562 522.
1531 2524 1571 2570 8,
1601 2521 1689 2562 and
1718 2521 1784 2563 De

280 2575 393 2615 Gest.
417 2590 450 2615 c.
469 2575 613 2616 Emer.
637 2579 672 2616 1.
696 2580 751 2627 l),
773 2575 861 2616 and
890 2576 965 2616 the
985 2576 1135 2628 clergy
1156 2581 1224 2616 sat
1251 2576 1373 2616 there
1401 2575 1565 2629 during
1592 2589 1784 2626 sermon,

281 2646 342 2687 82
