1866 2964
756 166 846 214 ST.
885 167 1247 215 AUGUSTIN
1250 169 1294 215 E

269 297 533 359 respondit
563 300 632 343 eis
659 314 669 343 :
717 296 959 344 Neminem
988 298 1325 355 concusseritis,
1354 299 1471 346 nulli
1497 299 1777 347 calumniam

257 373 494 440 feceritis,
536 375 740 439 sufficiat
780 375 908 423 vobis
949 376 1224 440 stipendium
1267 384 1480 425 vestrum.
1551 378 1666 425 Non
1692 395 1777 425 eos

271 456 449 516 utique
493 455 586 500 sub
630 457 780 500 armis
822 454 1042 501 militare
1084 454 1362 518 prohibuit,
1405 457 1587 519 quibus
1630 473 1777 503 suum

269 532 581 594 stipendium
605 532 831 579 sufficere
858 533 1047 580 debere
1070 537 1349 597 praecepit.

219 617 244 655 5
336 609 545 657 Maioris
573 611 780 673 quidem
805 610 900 657 loci
926 618 1044 658 sunt
1072 612 1209 675 apud
1234 613 1405 668 deum,
1432 615 1518 676 qui
1545 613 1778 660 omnibus

267 690 376 735 istis
410 688 750 736 saecularibus
786 690 1067 736 actionibus
1102 690 1355 737 derelictis
1390 694 1547 737 etiam
1579 708 1779 738 summa

268 769 585 813 continentia
625 771 875 814 castitatis
913 770 961 814 ei
1002 771 1242 815 serviunt.
1312 768 1405 816 Sed
1443 768 1779 834 unusquisque,

268 847 397 891 sicut
424 845 546 892 dicit
573 845 848 908 apostolus,
861 845 1104 910 proprium
1124 846 1293 893 donum
1319 846 1453 894 habet
1479 864 1508 894 a
1527 846 1627 903 deo,
1655 847 1779 895 alius

269 922 350 978 sic,
371 923 493 971 alins
511 930 661 970 antem
679 923 758 970 sic.
812 923 913 970 Alii
932 941 1052 988 ergo
1069 942 1160 988 pro
1178 926 1317 972 vobis
1336 925 1526 972 orando
1542 931 1778 989 pugnant

269 1008 446 1048 contra
491 1001 764 1048 invisibiles
811 1005 1056 1058 inimicos,
1104 1020 1189 1049 vos
1236 1020 1327 1066 pro
1376 1006 1446 1050 eis
1499 1004 1777 1067 pugnando

267 1079 508 1127 laboratis
529 1087 706 1127 contra
727 1080 944 1127 visibiles
966 1081 1222 1128 barbaros.
1294 1081 1507 1128 Utinam
1529 1098 1630 1128 una
1651 1081 1776 1129 fides

269 1165 406 1205 esset
455 1161 508 1205 in
558 1159 809 1214 omnibus,
862 1162 981 1222 quia
1033 1166 1086 1206 et
1136 1163 1302 1206 minus
1352 1159 1670 1207 laboraretur
1721 1166 1776 1207 et

267 1235 461 1283 facilius
499 1236 727 1284 diabolus
765 1254 879 1284 cum
916 1241 1016 1284 suis
1055 1237 1247 1302 angelis
1284 1238 1604 1285 vinceretur!
1674 1237 1776 1285 Sed

270 1318 389 1378 quia
419 1318 471 1361 in
502 1313 597 1362 hoc
628 1315 830 1362 saeculo
862 1332 1070 1362 necesse
1104 1323 1199 1372 est,
1232 1323 1290 1363 ut
1321 1319 1455 1363 cives
1486 1319 1632 1381 regni
1662 1332 1775 1363 cae-

268 1393 431 1440 lorum
494 1397 630 1440 inter
694 1401 923 1440 errantes
989 1401 1042 1440 et
1105 1397 1284 1457 impios
1348 1395 1775 1458 temptationibus

269 1475 549 1535 agitentur,
593 1479 651 1519 ut
694 1479 1031 1519 exerceantur
1074 1479 1127 1519 et
1169 1479 1435 1536 tamquam
1476 1476 1529 1518 in
1570 1471 1774 1519 fornace

267 1553 396 1597 sicut
438 1567 615 1596 aurum
655 1551 953 1613 probentur,
994 1568 1096 1597 non
1136 1551 1382 1597 debemus
1424 1557 1544 1598 ante
1570 1557 1775 1614 tempus

269 1627 397 1675 velle
435 1645 550 1675 cum
587 1627 702 1675 solis
740 1631 926 1675 sanctis
965 1636 1018 1675 et
1054 1632 1198 1676 iustis
1236 1632 1422 1685 vivere,
1460 1636 1518 1676 ut
1553 1627 1648 1676 hoc
1684 1645 1774 1676 suo

266 1713 499 1769 tempore
524 1723 813 1753 mereamur
838 1710 1081 1769 accipere.

218 1792 243 1830 6
332 1784 444 1831 Hoc
498 1801 619 1849 ergo
671 1787 893 1848 primum
946 1789 1133 1849 cogita,
1188 1785 1392 1849 quando
1447 1788 1655 1832 armaris
1709 1786 1775 1833 ad

266 1880 510 1927 pugnam,
535 1866 654 1926 quia
678 1866 835 1910 virtus
860 1870 952 1910 tua
976 1867 1133 1910 etiam
1156 1866 1266 1926 ipsa
1290 1862 1558 1926 corporalis
1583 1863 1774 1911 donum

267 1942 350 1988 dei
383 1948 497 1997 est3
547 1944 616 1987 sic
649 1944 784 1987 enim
816 1942 1063 2006 cogitabis
1096 1942 1159 1988 de
1193 1942 1325 1989 dono
1357 1942 1440 1988 dei
1471 1958 1573 1988 non
1603 1940 1772 1989 facere

267 2026 443 2066 contra
465 2019 634 2067 deum.
706 2019 855 2066 Fides
878 2022 1009 2068 enim
1035 2020 1238 2083 quando
1259 2022 1594 2082 promittitur,
1617 2023 1773 2067 etiam

268 2096 401 2144 hosti
447 2097 695 2144 servanda
741 2104 836 2154 est,
882 2105 1059 2144 contra
1104 2114 1258 2162 quem
1311 2097 1502 2144 bellum
1546 2101 1773 2162 geritur3

269 2183 461 2238 quanto
507 2178 669 2239 magis
718 2179 896 2232 amico,
941 2192 1032 2239 pro
1079 2192 1180 2239 quo
1224 2175 1519 2240 pugnatur!
1588 2175 1774 2223 Pacem

267 2252 457 2300 habere
488 2253 646 2300 debet
676 2252 927 2309 voluntas,
957 2253 1148 2300 bellum
1178 2257 1472 2310 necessitaS,
1503 2260 1561 2300 ut
1590 2253 1775 2301 liberet

270 2331 395 2378 deus
426 2348 455 2377 a
483 2334 791 2378 necessitate
823 2338 877 2378 et
906 2338 1172 2378 conservet
1200 2334 1251 2377 in
1279 2347 1422 2394 pace.
1493 2331 1608 2378 Non
1638 2335 1773 2378 enim

388 2498 407 2517 ⁰
441 2492 571 2535 Luke
593 2495 652 2534 iii.
680 2496 842 2573 12-14.c
879 2548 948 2589 W·
975 2548 1002 2590 d
1185 2551 1211 2590 5
1234 2551 1258 2591 6
1299 2494 1315 2520 ὓ
1351 2498 1368 2535 1
1396 2493 1495 2535 Cor.
1518 2495 1591 2535 vii.
1616 2497 1656 2536 7.

922 2561 972 2590 ‘is
1008 2562 1081 2589 om
1103 2561 1162 2590 111.
1214 2571 1231 2577 -
1263 2579 1274 2591 .

277 2618 370 2662 328
