1866 2964
772 162 864 210 ST.
902 162 1312 210 AUGUSTINE

283 303 477 359 quanto
502 299 668 343 minus
697 296 751 343 id
780 313 984 359 quoque
1009 299 1062 342 in
1086 297 1230 342 nobis
1265 295 1403 359 quod
1425 298 1533 342 vita
1556 297 1799 342 continua

281 364 552 428 vigilantes
584 365 1001 427 dormientesque
1035 368 1343 426 experimur,
1375 381 1475 427 quo
1505 371 1658 426 pacto
1690 362 1798 417 fiat,

282 432 537 495 explicare
576 433 780 479 sufficio.
852 432 985 478 Nam
1025 449 1141 479 cum
1181 433 1247 478 ad
1285 439 1339 479 te
1379 433 1629 479 dictarem
1667 429 1799 477 hanc

282 500 573 563 epistulam,
619 508 675 548 te
728 504 896 563 ipsum
945 504 1114 547 animo
1162 501 1461 555 contuebar,
1509 506 1564 546 te
1618 502 1798 562 utique

282 570 496 615 absente
543 576 701 632 atque
746 572 1027 625 nesciente,
1074 576 1128 615 et
1173 585 1273 632 quo
1318 568 1471 615 modo
1514 570 1674 631 possis
1722 566 1798 613 his

282 638 448 683 verbis
481 641 691 693 moveri,
721 637 1003 684 secundum
1040 639 1278 684 notitiam
1312 653 1444 699 quae
1480 635 1605 682 mihi
1641 635 1707 682 de
1743 641 1798 681 te

281 708 433 761 inest,
459 706 778 768 imaginabar
802 721 814 761 ;
859 712 1017 768 atque
1043 705 1096 752 id
1123 721 1346 768 quonam
1371 704 1524 751 modo
1549 707 1603 750 in
1629 706 1798 749 animo

283 790 398 819 meo
426 773 590 829 fieret,
616 790 799 836 capere
825 790 883 819 ac
907 777 1217 837 investigare
1243 789 1345 819 non
1368 779 1605 836 poteram
1629 777 1798 818 certus

283 849 460 887 tamen
511 858 614 888 non
666 842 775 888 fieri
827 845 1078 904 corporeis
1130 840 1347 888 molibus
1399 857 1495 887 nec
1546 842 1798 902 corporeis

284 909 636 972 qualitatibus,
686 926 802 956 cum
851 913 1047 972 corpori
1094 909 1405 956 simillimum
1455 908 1617 955 fieret.
1688 906 1800 953 Hoc

283 981 489 1024 interim
509 977 700 1024 habeas
722 985 780 1024 ut
801 979 865 1024 ab
886 985 1134 1040 occupato
1156 985 1209 1024 et
1228 976 1509 1024 festinante
1530 977 1797 1023 dictatum.

286 1045 347 1092 In
394 1046 696 1093 duodecimo
738 1053 914 1093 autem
960 1046 1087 1092 libro
1129 1062 1305 1092 eorum
1346 1062 1471 1108 quos
1518 1045 1583 1092 de
1623 1046 1800 1108 genesi

284 1117 475 1176 scripsi,
503 1122 735 1161 versatur
762 1113 889 1161 haec
919 1117 1152 1177 quaestio
1181 1113 1516 1160 vehementer
1545 1120 1599 1160 et
1626 1111 1800 1158 multis

286 1182 532 1245 exemplis
565 1200 737 1229 rerum
767 1190 1097 1245 expertarum
1131 1189 1288 1245 atque
1322 1180 1633 1228 credibiliter
1661 1180 1802 1227 audi-

282 1257 453 1297 tarum
472 1251 752 1313 disputatio
770 1250 855 1297 illa
873 1250 1108 1297 silvescit.
1179 1250 1317 1309 Quid
1333 1253 1386 1296 in
1405 1266 1466 1296 ea
1482 1251 1800 1312 potuerimus

284 1319 363 1365 vel
415 1318 748 1375 effecerimus,
799 1336 914 1365 cum
964 1318 1167 1382 legeris,
1217 1319 1481 1374 iudicabis,
1532 1321 1571 1364 si
1621 1324 1799 1364 tamen

284 1387 517 1434 dominus
539 1388 729 1434 donare
756 1388 998 1451 dignatur
1023 1394 1082 1433 ut
1103 1403 1187 1433 eos
1208 1385 1332 1432 mihi
1356 1386 1526 1442 libros,
1547 1392 1799 1449 quantum

283 1472 508 1518 possum,
539 1463 882 1519 congruenter
913 1455 1214 1502 emendatos
1244 1458 1347 1501 iam
1376 1454 1530 1501 liceat
1561 1453 1715 1500 edere
1746 1460 1800 1500 et

283 1523 562 1570 multorum
611 1523 828 1570 fratrum
880 1526 1297 1586 expectationem
1346 1539 1448 1569 non
1495 1526 1599 1569 iam
1647 1521 1801 1585 longa

283 1592 631 1654 disputatione
656 1592 986 1655 suspendere.

232 1668 257 1706 3
351 1660 579 1707 Narrabo
597 1668 773 1707 autem
790 1677 948 1706 unum
966 1659 1157 1723 aliquid
1172 1659 1414 1715 breviter,
1431 1658 1568 1705 unde
1588 1660 1798 1722 cogites.

285 1728 464 1775 Frater
505 1736 679 1775 noster
723 1728 1038 1784 Gennadius,
1081 1731 1372 1774 notissimus
1414 1726 1524 1773 fere
1565 1726 1800 1773 omnibus

283 1798 531 1860 nobisque
559 1800 844 1843 carissimus
872 1797 1118 1852 medicus,
1147 1799 1234 1859 qui
1261 1812 1395 1842 nunc
1424 1795 1561 1858 apud
1589 1793 1802 1841 Cartha-

283 1868 456 1928 ginem
484 1865 629 1929 degit
657 1872 711 1911 et
738 1865 931 1911 Romae
959 1881 1080 1911 suae
1109 1867 1231 1910 artis
1260 1866 1628 1910 exercitatione
1654 1878 1801 1925 prae-

282 1933 480 1995 polluit,
530 1941 589 1980 ut
636 1932 896 1979 hominem
945 1932 1239 1996 religiosum
1286 1935 1421 1978 nosti
1471 1938 1628 1994 atque
1678 1946 1801 1994 erga

347 2025 365 2042 ‘¹
397 2019 467 2060 He
496 2021 530 2060 is
560 2019 662 2059 here
690 2019 906 2070 referring
933 2022 978 2058 to
1008 2017 1075 2057 his
1104 2017 1258 2058 twelve
1286 2016 1432 2057 books
1460 2016 1526 2056 De
1556 2015 1712 2056 Genesi
1739 2015 1799 2055 ad

291 2073 499 2122 litteram,
531 2073 682 2126 begun
713 2073 851 2113 about
880 2076 958 2112 401
994 2071 1076 2112 but
1106 2076 1184 2112 not
1212 2070 1450 2124 published
1479 2069 1595 2111 until
1623 2073 1722 2117 415,
1753 2071 1797 2110 in

289 2130 401 2180 spite
415 2130 466 2169 of
482 2128 689 2180 repeated
706 2131 904 2179 requests
924 2127 1041 2167 from
1061 2126 1230 2167 friends
1249 2126 1347 2167 that
1363 2126 1418 2166 he
1433 2124 1593 2166 should
1613 2124 1746 2177 bring
1765 2126 1799 2164 it

285 2187 330 2223 to
368 2197 425 2223 an
456 2183 579 2235 early
605 2182 873 2235 completion
901 2182 1004 2233 (Ep.
1034 2181 1164 2221 cxliii.
1205 2185 1256 2222 14
1284 2181 1308 2197 ‘⁶
1328 2180 1800 2233 periculosissimarum

289 2240 602 2289 quaestionum
625 2237 760 2277 libros
782 2236 836 2277 de
858 2236 1022 2276 Genesi
1047 2267 1056 2276 .
1089 2267 1097 2276 .
1129 2267 1138 2276 .
1167 2235 1335 2276 diutius
1357 2239 1485 2275 teneo
1508 2247 1644 2286 quam
1664 2233 1798 2274 vultis

288 2296 331 2332 et
351 2293 474 2333 fertis
494 2293 553 2344 ”).
609 2292 702 2332 The
722 2291 895 2332 twelfth
917 2289 1037 2331 book
1059 2292 1093 2330 is
1115 2304 1141 2330 a
1161 2290 1296 2342 study
1315 2291 1367 2330 of
1382 2289 1447 2330 St.
1471 2288 1620 2329 Paul’s
1639 2289 1796 2335 vision,

289 2349 313 2386 2
338 2347 437 2388 Cor.
460 2349 533 2388 xii.
556 2350 645 2394 2-4,
669 2346 757 2387 and
788 2347 839 2386 of
863 2344 1175 2397 supernatural
1202 2347 1367 2385 visions
1397 2346 1442 2384 in
1471 2342 1666 2396 general.
1728 2342 1799 2382 He

292 2401 380 2441 had
402 2401 585 2452 already
608 2401 757 2441 before
787 2401 853 2440 his
874 2399 1126 2440 ordination
1149 2404 1194 2439 to
1225 2399 1299 2439 the
1320 2397 1577 2450 priesthood
1601 2397 1752 2449 begun
1773 2410 1801 2436 a

292 2456 608 2496 controversial
651 2457 898 2507 exposition
948 2454 997 2494 of
1039 2453 1225 2494 Genesis
1273 2452 1469 2494 directed
1508 2453 1687 2505 against
1724 2450 1799 2491 the

295 2510 554 2550 Manichees
577 2510 659 2560 (De
684 2510 839 2550 Genesi
859 2513 1010 2548 contra
1035 2508 1350 2560 Manichaeos)‚
1368 2507 1450 2547 but
1466 2506 1579 2546 later
1599 2506 1653 2546 he
1673 2518 1800 2545 came

293 2568 340 2604 to
371 2565 445 2605 the
475 2567 657 2617 opinion
685 2564 783 2604 that
815 2564 902 2604 this
931 2565 1107 2603 treatise
1137 2575 1227 2602 was
1259 2566 1333 2602 too
1365 2559 1635 2614 allegorical,
1666 2572 1714 2600 so
1746 2559 1801 2600 he

293 2618 388 2668 276
