1850 2964
779 177 870 225 ST.
908 177 1316 225 AUGUSTINE

291 316 469 357 contra
524 310 707 358 eadem
761 309 1046 367 simulacra,
1100 327 1191 373 pro
1247 311 1430 373 quibus
1486 308 1799 357 Christianos

290 379 610 435 occidebant,
632 382 856 441 impetus
881 395 996 425 suos
1017 378 1264 442 legesque
1288 381 1500 425 vertisse
1525 385 1580 425 et
1600 379 1802 441 imperii

290 446 587 493 nobilissimi
637 450 1096 493 eminentissimum
1146 446 1349 493 culmen
1398 447 1464 494 ad
1512 445 1801 510 sepulcrum

289 519 554 578 piscatoris
579 515 720 562 Petri
742 516 991 562 submisso
1015 515 1309 562 diademate
1333 513 1633 578 supplicare.

240 591 267 628 4
356 583 500 630 Haec
543 587 714 630 omnia
757 583 958 630 divinae
1003 586 1303 646 scripturae,
1347 599 1480 646 quae
1522 586 1576 628 in
1617 597 1798 628 manus

290 655 518 698 omnium
568 654 671 697 iam
723 659 993 706 venerunt,
1047 658 1168 698 ante
1219 650 1515 715 longissima
1564 657 1800 712 tempora

288 718 464 766 futura
493 736 604 766 esse
634 727 861 766 testatae
891 727 1010 766 sunt
1034 735 1045 775 3
1092 719 1220 765 haec
1249 722 1420 766 omnia
1447 725 1596 766 tanto
1623 719 1799 765 robus-

288 790 418 834 tiore
454 788 554 835 fide
587 787 841 835 laetamur
876 788 1001 843 fieri,
1037 795 1230 850 quanto
1263 790 1455 834 maiore
1490 790 1798 834 auctoritate

288 856 555 918 praedicta
591 872 701 903 esse
736 859 789 902 in
825 859 1012 902 sanctis
1048 855 1233 902 litteris
1268 858 1570 902 invenimus.
1639 854 1799 901 Num-

289 925 552 986 quidnam,
584 925 793 971 obsecro
824 941 930 980 vos,
961 924 1332 987 numquidnam
1363 923 1526 970 solum
1555 923 1799 970 iudicium

289 993 390 1048 dei,
424 993 562 1056 quod
591 996 727 1039 inter
760 991 935 1039 fideles
971 999 1128 1055 atque
1160 991 1391 1039 infideles
1423 990 1655 1038 futurum
1688 1007 1798 1038 esse

287 1063 341 1106 in
367 1061 560 1108 eisdem
583 1060 769 1107 litteris
793 1060 1029 1125 legimus,
1048 1078 1164 1107 cum
1187 1060 1273 1106 illa
1297 1063 1485 1115 omnia,
1503 1063 1635 1106 sicut
1651 1075 1799 1122 prae-

289 1129 428 1175 dicta
469 1135 605 1185 sunt,
647 1132 899 1185 venerint,
941 1129 1312 1192 numquidnam
1354 1127 1516 1175 solum
1555 1128 1798 1175 iudicium

291 1197 375 1243 dei
423 1204 697 1243 venturum
746 1214 849 1243 non
899 1213 1009 1243 esse
1058 1198 1354 1259 putabimus
1378 1197 1396 1242 ?
1465 1196 1630 1242 Immo
1678 1211 1798 1242 vero

291 1267 482 1321 veniet,
519 1268 650 1312 sicut
691 1268 861 1312 omm‘a
900 1264 987 1311 illa
1026 1271 1293 1311 venerunt.
1380 1263 1488 1311 Nec
1529 1267 1799 1328 quisquam

291 1336 389 1380 erit
414 1332 566 1380 homo
593 1341 881 1380 nostrorum
905 1340 1215 1396 temporum,
1240 1335 1327 1396 qui
1351 1349 1404 1379 se
1430 1335 1483 1378 in
1505 1331 1590 1379 illo
1613 1333 1798 1380 iudicio

290 1401 354 1448 de
391 1418 482 1448 sua
516 1405 676 1464 possit
710 1401 1017 1449 infidelitate
1053 1400 1351 1456 defendere,
1387 1417 1503 1447 cum
1539 1399 1798 1448 Christum

289 1476 467 1516 cantet
486 1477 539 1516 et
556 1473 719 1517 iustus
740 1470 805 1517 ad
823 1473 1141 1533 aequitatem
1161 1476 1215 1516 et
1231 1472 1462 1532 periurus
1482 1469 1547 1516 ad
1563 1468 1798 1516 fraudem

291 1544 345 1584 et
373 1554 464 1584 rex
496 1538 561 1585 ad
589 1541 861 1600 imperium
892 1545 945 1584 et
974 1537 1119 1584 miles
1151 1538 1216 1584 ad
1244 1554 1472 1601 pugnam
1503 1544 1557 1584 et
1585 1540 1798 1584 maritus

287 1613 499 1669 propter
521 1610 754 1670 regimen
780 1613 833 1653 et
858 1623 985 1652 uxor
1008 1613 1219 1669 propter
1243 1607 1545 1668 obsequium
1571 1612 1625 1652 et
1648 1612 1798 1669 pater

287 1681 498 1737 propter
519 1681 854 1737 praeceptum
879 1681 932 1721 et
955 1673 1084 1720 filius
1107 1681 1318 1737 propter
1340 1674 1720 1721 oboedientiam
1743 1680 1798 1721 et

289 1743 521 1789 dominus
569 1750 780 1805 propter
827 1743 1229 1790 dominationem
1278 1749 1332 1789 et
1373 1758 1545 1789 servus
1587 1749 1798 1806 propter

287 1809 593 1857 famulatum
633 1818 686 1857 et
723 1810 924 1857 humilis
964 1811 1030 1858 ad
1064 1814 1317 1873 pietatem
1356 1817 1410 1857 et
1446 1811 1694 1873 superbus
1732 1810 1798 1858 ad

289 1878 687 1926 aemulationem
725 1886 779 1925 et
815 1879 973 1935 dives,
1010 1886 1069 1925 ut
1109 1881 1356 1942 porrigat,
1394 1885 1448 1925 et
1488 1895 1702 1941 pauper,
1737 1885 1798 1925 ut

288 1954 475 2003 sumat,
497 1954 550 1994 et
570 1948 796 1994 ebriosus
817 1948 882 1994 ad
899 1946 1124 2010 phialam
1144 1954 1198 1993 et
1215 1947 1480 1994 mendicus
1501 1947 1566 1994 ad
1589 1950 1797 1993 ianuam

348 2038 367 2056 ‘²
398 2032 653 2084 Augustine
693 2034 728 2072 is
768 2031 991 2083 probably
1032 2036 1110 2071 not
1149 2031 1362 2084 thinking
1402 2033 1453 2072 of
1488 2045 1579 2084 any
1618 2031 1797 2084 specific

288 2085 499 2134 incident,
517 2086 600 2126 but
615 2086 670 2126 he
687 2086 832 2138 might
847 2085 945 2126 well
962 2086 1073 2126 have
1091 2085 1179 2125 had
1197 2087 1241 2126 in
1259 2085 1383 2126 mind
1398 2086 1474 2127 the
1489 2086 1736 2138 subjection
1749 2087 1801 2127 of

287 2140 363 2181 the
387 2140 605 2192 Emperor
628 2140 904 2181 Theodosius
928 2145 974 2180 to
997 2140 1073 2181 the
1097 2140 1276 2180 Church
1300 2140 1442 2181 under
1466 2140 1532 2182 St.
1558 2141 1793 2182 Ambrose.
1849 2140 1850 2154 ’

289 2194 393 2235 And
425 2199 514 2247 yet,
547 2197 592 2235 in
623 2197 738 2247 spite
768 2196 819 2235 of
846 2195 912 2235 his
944 2194 1185 2246 eloquence
1216 2195 1333 2242 here,
1366 2194 1421 2236 he
1451 2194 1747 2248 acknowledg
1749 2209 1794 2236 es
1849 2203 1850 2223 ³

288 2249 523 2290 elsewhere
552 2249 650 2290 that
681 2250 823 2290 Rome
852 2248 975 2290 itself
997 2264 1036 2288 vs
1040 2262 1088 2289 as
1117 2248 1206 2289 still
1233 2251 1366 2301 given
1395 2263 1499 2290 over
1527 2254 1573 2290 to
1602 2249 1796 2302 idolatry

287 2303 440 2356 (C'onf.
465 2305 554 2344 viii.
580 2306 626 2343 9-
610 2304 704 2355 -3)·
742 2306 786 2344 in
813 2303 896 2355 Ep.
923 2306 1066 2344 xxxvi.
1092 2306 1133 2351 4,
1160 2303 1215 2343 he
1244 2303 1408 2355 speaks
1438 2305 1489 2344 of
1512 2303 1588 2344 the
1615 2304 1794 2345 Church

288 2371 337 2398 as
380 2358 498 2398 ‘toto
523 2362 741 2398 terrarum
767 2358 873 2398 orbe
897 2357 1124 2405 diffusam,
1145 2359 1339 2410 exceptis
1366 2358 1594 2399 Romanis.
1601 2358 1628 2375 ”
1687 2358 1795 2400 This

287 2414 381 2452 fact
409 2416 620 2453 accounts
649 2413 718 2452 for
746 2412 822 2453 the
851 2416 978 2452 scant
1007 2411 1250 2464 sympathy
1281 2412 1336 2453 he
1364 2412 1509 2453 shows
1538 2416 1585 2454 at
1613 2412 1689 2453 the
1716 2412 1796 2454 fall

290 2468 341 2507 of
360 2467 502 2507 Rome
523 2466 698 2518 (Excid.
730 2466 874 2514 Urbis,
898 2466 975 2517 ii.).
1041 2466 1123 2507 His
1141 2466 1366 2520 language
1380 2466 1483 2507 here
1499 2468 1534 2507 is
1551 2466 1794 2519 paralleled

288 2521 351 2573 by
370 2521 445 2562 the
465 2521 610 2562 words
636 2522 687 2562 of
710 2520 776 2562 St.
798 2521 919 2562 John
942 2521 1232 2573 Chrysostom
1254 2520 1325 2573 (Ο.
1348 2520 1449 2562 Iud.
1473 2526 1512 2561 et
1535 2522 1658 2563 Gent.
1682 2525 1702 2570 ἓ
1721 2522 1793 2574 9):

288 2581 330 2616 ἐν
354 2578 402 2626 τῇ
430 2579 737 2627 βασιλικωτάτῃ
765 2576 1040 2626 πόλειῬώμῃ,
1063 2578 1198 2615 πάντα
1220 2578 1420 2627 ἀφιέντες,
1446 2579 1513 2615 ἐπὶ
1533 2579 1624 2616 τοὺς
1645 2578 1795 2626 τάφους

288 2635 384 2680 470
