1850 2964
716 188 807 236 ST.
845 187 1253 236 AUGUSTINE

681 352 777 399 No.
807 358 867 400 56
894 352 1012 416 (Ep.
1039 351 1288 417 CCXLV)

239 463 501 505 DOMINO
542 461 994 504 DILECTISSIMO
1038 463 1116 503 ET
1158 460 1553 503 VENERABILI
1595 459 1739 502 FRA-

357 528 462 569 TRI
508 528 585 569 ET
633 527 1118 569 CONSACERDOTI
1165 525 1457 568 POSSIDIO
1501 526 1578 567 ET
1623 524 1738 576 QUI

357 592 575 634 TECUM
616 592 783 634 SUNT
818 591 1175 634 FRATRIBUS
1212 589 1626 633 AUGUSTINUS
1662 590 1740 631 ET

355 658 469 708 QUI
523 658 758 699 MECUM
811 656 979 699 SUNT
1021 656 1306 699 FRATRES
1359 656 1428 698 IN
1475 653 1739 697 DOMINO

360 723 666 765 SALUTEM

183 851 204 890 1
298 842 468 906 Magis
503 842 626 906 quid
661 859 782 906 agas
816 859 932 888 cum
956 845 1026 889 eis
1051 845 1137 906 qui
1159 842 1519 905 obtemperare
1540 839 1740 896 nolunt,

231 911 562 976 cogitandum
590 917 686 966 est,
713 927 867 973 quam
893 927 1047 973 quem
1075 910 1140 957 ad
1164 910 1374 957 modum
1401 912 1471 956 eis
1497 908 1740 956 ostendas

231 996 334 1026 non
368 978 520 1025 licere
558 979 694 1042 quod
730 977 940 1025 faciunt.
1010 977 1113 1025 Sed
1141 995 1276 1024 nunc
1307 976 1527 1041 epistula
1555 978 1740 1024 sancti-

231 1050 354 1093 tatis
382 1054 505 1093 tuae
536 1054 590 1093 et
618 1049 1063 1109 occupatissimum
1090 1063 1175 1093 me
1202 1049 1432 1109 repperit
1460 1052 1514 1092 et
1541 1044 1742 1092 celerri-

231 1132 344 1161 mus
377 1114 534 1161 baiuli
566 1115 761 1161 reditus
795 1131 964 1177 neque
998 1131 1101 1161 non
1131 1115 1410 1161 rescribere
1442 1114 1539 1160 tibi
1570 1128 1740 1176 neque

232 1183 298 1230 ad
340 1199 401 1229 ea
443 1199 575 1246 quae
617 1181 930 1238 consuluisti,
966 1185 1041 1229 ita
1076 1189 1135 1229 ut
1171 1189 1394 1245 oportet,
1428 1180 1740 1244 respondere

231 1254 478 1314 permisit.
548 1250 676 1297 Nolo
703 1257 882 1297 tamen
909 1251 973 1298 de
1001 1253 1313 1297 ornamentis
1342 1252 1451 1296 auri
1476 1248 1559 1296 vel
1583 1250 1741 1296 vestis

230 1335 626 1382 praeproperam
654 1317 845 1365 habeas
869 1322 922 1365 in
945 1317 1262 1381 prohibendo
1292 1320 1622 1373 sententiam,
1645 1318 1741 1363 nisi

234 1403 318 1434 eos
349 1390 453 1450 qui,
478 1403 647 1450 neque
679 1390 939 1450 coniugati
970 1403 1139 1450 neque
1169 1389 1429 1450 coniugari
1458 1388 1740 1448 cupientes,

231 1458 457 1518 cogitare
483 1455 677 1502 debent
701 1472 801 1518 quo
824 1455 976 1502 modo
1006 1454 1244 1517 placeant
1277 1454 1389 1500 deo.
1460 1452 1540 1499 Illi
1565 1459 1741 1499 autem

227 1526 458 1586 cogitant
485 1539 616 1586 quae
641 1529 760 1569 sunt
784 1522 978 1578 mundi,
1000 1539 1100 1586 quo
1119 1522 1270 1569 modo
1290 1521 1530 1584 placeant
1547 1520 1630 1568 vel
1651 1522 1742 1567 viri

231 1592 471 1638 uxoribus
489 1590 569 1637 vel
584 1591 821 1637 mulieres
837 1594 1050 1646 maritis,
1061 1594 1156 1637 nisi
1173 1591 1310 1654 quod
1325 1589 1530 1653 capillos
1546 1588 1741 1636 nudare

231 1657 465 1715 feminas,
506 1676 631 1722 quas
673 1662 830 1705 etiam
871 1666 1026 1721 caput
1065 1658 1234 1705 velare
1277 1657 1535 1722 apostolus
1574 1657 1742 1712 iubet,

231 1744 325 1774 nec
359 1730 625 1774 maritatas
661 1727 847 1782 decet3
900 1725 1060 1773 fucari
1096 1734 1271 1773 autem
1305 1728 1601 1790 pigmentis,
1637 1740 1739 1788 quo

232 1794 313 1842 vel
352 1796 676 1842 rubicundior
718 1794 798 1856 yel
839 1795 1099 1842 candidior
1142 1801 1406 1858 appareat,
1450 1792 1740 1841 adulterina

294 1942 312 1960 ‘²
345 1935 431 1976 For
454 1935 680 1976 Possidius
702 1949 773 1976 see
794 1949 870 1988 pp.
900 1939 993 1985 128,
1019 1939 1098 1977 190
1119 1935 1274 1977 above.

297 1990 313 2014 ὖ
349 1994 365 2030 1
395 1990 495 2031 Cor.
517 1993 590 2031 vii.
613 1994 760 2032 32-34.
1225 1996 1239 2015 ⁶
1276 1995 1292 2031 1
1320 1989 1421 2031 Cor.
1443 1991 1501 2031 xi.
1524 1991 1613 2030 5-6.

293 2045 312 2069 ἆ
343 2045 437 2085 The
469 2045 595 2086 habit
625 2046 676 2085 of
701 2046 909 2097 painting
939 2044 1014 2085 the
1045 2046 1143 2086 face
1173 2057 1264 2085 was
1295 2043 1558 2086 denounced
1589 2043 1652 2096 by
1683 2042 1744 2084 all

234 2099 310 2140 the
361 2099 585 2140 Christian
633 2101 830 2140 writers:
894 2099 1153 2147 Tertullian,
1194 2099 1260 2140 De
1305 2099 1425 2140 Cult.
1466 2098 1587 2140 Fem.
1629 2099 1673 2139 ii.
1715 2100 1740 2138 7

236 2154 262 2170 ‘⁶
281 2153 443 2194 videbo
476 2168 533 2194 an
567 2168 669 2195 eum
702 2167 879 2194 cerussa
911 2158 955 2194 et
986 2156 1246 2206 purpurisso
1278 2158 1322 2194 et
1352 2166 1482 2194 croco
1514 2157 1558 2195 et
1589 2154 1634 2194 in
1666 2151 1742 2193 illo

235 2208 407 2248 ambitu
447 2211 605 2260 capitis
645 2210 886 2261 resurgatis
906 2208 963 2255 ”;
1012 2208 1226 2260 Cypriam
1256 2208 1322 2248 De
1361 2207 1473 2249 Hah.
1517 2207 1639 2259 Viry.
1675 2209 1740 2255 14,

235 2262 405 2303 blames
450 2263 525 2303 the
570 2262 720 2303 fallen'
752 2262 906 2315 angels
951 2264 1021 2303 for
1065 2263 1275 2315 teaching
1321 2261 1519 2303 “oculos
1564 2264 1742 2314 nigrore

233 2318 387 2357 fucare
417 2321 460 2358 et
490 2331 628 2369 genas
661 2317 893 2357 mendacio
925 2317 1098 2358 ruboris
1130 2317 1307 2358 inficere
1337 2321 1381 2358 et
1412 2321 1586 2357 mutare
1615 2314 1743 2356 adul-

236 2374 386 2412 terinis
421 2372 642 2412 coloribus
676 2374 842 2412 crinem
865 2372 921 2418 ”;
963 2371 1120 2412 Ambr.
1148 2372 1214 2412 De
1259 2371 1532 2424 Virqinibus‚
1560 2372 1587 2411 i.
1617 2373 1657 2411 6.
1685 2372 1741 2411 28

237 2426 496 2478 “quaesitis
540 2426 761 2466 coloribus
801 2439 879 2466 ora
917 2425 1179 2479 depingant,
1218 2425 1328 2466 dum
1368 2427 1471 2467 viris
1509 2423 1742 2476 displicere

235 2480 479 2520 formidant
500 2480 525 2496 ’⁹
547 2498 557 2527 ;
596 2480 686 2520 and
711 2480 967 2532 frequently
993 2480 1055 2532 by
1080 2481 1283 2522 Jerome:
1324 2479 1410 2532 ΕΡ.
1438 2482 1507 2521 54.
1536 2482 1560 2520 ’ἵ
1589 2477 1741 2531 “quid

236 2536 344 2575 facit
378 2537 421 2575 in
457 2536 570 2576 facie
605 2535 883 2576 Christianae
917 2537 1202 2587 purpurissus
1236 2538 1279 2576 et
1312 2533 1602 2581 cerussa?”;
1651 2532 1739 2585 Ep.

241 2592 334 2630 107.
367 2592 393 2629 5
426 2589 451 2605 “
472 2603 579 2631 cave
610 2603 665 2631 ne
696 2602 824 2630 aures
863 2590 1074 2642 perfores,
1106 2603 1162 2632 ne
1191 2601 1370 2631 cerussa
1399 2592 1443 2631 et
1479 2588 1741 2642 purpurisso

237 2659 332 2704 478
