1850 2964
732 177 822 223 ST.
861 176 1270 224 AUGUSTINE

242 312 424 356 nutriri
457 315 511 356 et
544 310 731 356 erudiri
762 312 1032 373 sapientia,
1065 313 1351 356 necessaria
1382 309 1452 355 illi
1485 316 1564 356 est
1597 312 1754 356 etiam

243 384 416 424 vestra
438 378 720 425 concordia.
1685 388 1688 389 ’

655 572 749 619 No.
777 577 831 619 61
864 572 979 636 (Ep.
1008 572 1341 636 CCLXVHI)

245 679 522 721 DOMINIS
540 680 1005 722 DILECTISSIMIS
1021 682 1098 722 ET
1110 680 1756 723 DESIDERANTISSIMIS

370 745 656 786 SANCTAE
694 746 913 787 PLEBIS
954 746 1060 788 CUI
1104 746 1418 788 MINISTRO
1456 746 1753 788 MEMBRIS

368 809 620 851 CHRISTI
638 810 1051 853 AUGUSTINUS
1075 811 1142 852 IN
1165 811 1427 853 DOMINO
1449 811 1748 853 SALUTEM

308 928 587 976 Notissima
612 928 737 975 mihi
767 937 820 976 et
846 931 1206 993 probatissima
1234 931 1439 978 devotio
1467 935 1757 978 sanctitatis

240 1004 443 1044 vestrae
465 1000 518 1043 in
541 998 745 1044 domino
769 1005 942 1045 nostro
967 998 1085 1045 Iesu
1109 998 1310 1046 Christo
1333 1000 1571 1047 fiduciam
1593 1000 1758 1056 dedit,

241 1071 300 1111 ut
319 1068 477 1111 etiam
498 1065 680 1112 absens
706 1083 1089 1129 praesumerem
1114 1068 1250 1114 unde
1268 1084 1511 1130 praesens
1529 1068 1755 1132 gaudere

241 1136 497 1189 consuevi,
542 1137 629 1197 qui
677 1150 880 1197 semper
934 1138 1115 1197 spiritu
1169 1137 1429 1182 vobiscum
1483 1153 1613 1192 sum,
1653 1153 1756 1182 non

239 1199 401 1247 solum
435 1204 555 1264 quia
585 1205 753 1265 gratia
785 1203 976 1249 domini
1008 1207 1168 1249 nostri
1202 1203 1319 1250 Iesu
1353 1203 1541 1250 Christi
1572 1211 1754 1251 tantae

240 1272 506 1315 suavitatis
547 1269 764 1333 flagrare
805 1287 908 1316 non
957 1278 1140 1327 cessat,
1182 1272 1273 1318 sed
1314 1275 1472 1318 etiam
1513 1275 1633 1335 quia
1671 1288 1755 1319 me

238 1340 423 1399 ipsum,
452 1340 538 1400 qui
565 1339 706 1384 vobis
742 1341 795 1384 in
824 1339 1089 1402 evangelio
1119 1343 1299 1395 servio,
1328 1344 1619 1404 angustiam
1645 1343 1756 1403 pati

239 1421 341 1451 non
357 1408 671 1467 permittitis.
712 1406 839 1452 Cum
853 1410 987 1453 enim
997 1405 1157 1453 frater
1173 1415 1347 1454 noster
1364 1409 1568 1455 Fascius
1579 1409 1756 1456 debito

239 1472 419 1520 decem
441 1480 494 1519 et
514 1481 715 1536 septem
735 1474 1009 1521 solidorum
1030 1476 1093 1522 ab
1115 1477 1462 1538 opinatoribus
1483 1483 1754 1540 urgeretur

238 1547 298 1587 ut
350 1541 610 1597 redderet,
657 1543 793 1605 quod
845 1543 910 1589 ad
970 1560 1212 1606 praesens
1272 1545 1408 1591 unde
1472 1544 1753 1607 explicaret

240 1624 313 1664 se,
338 1625 440 1655 non
462 1611 777 1666 inveniebat,
803 1627 867 1657 ne
894 1611 1206 1673 corporalem
1226 1619 1494 1674 pateretur
1516 1615 1752 1659 iniuriam

241 1676 306 1723 ad
332 1676 576 1723 auxilium
603 1685 811 1725 sanctae
847 1678 1090 1725 ecclesiae
1117 1679 1416 1726 convolavit.
1489 1680 1566 1727 Illi
1594 1684 1752 1727 etiam

244 1752 652 1801 exactores,cum
669 1746 913 1808 proficisci
932 1755 1239 1811 cogerentur
1250 1755 1303 1794 et
1318 1749 1434 1795 ideo
1452 1749 1751 1795 dilationem

240 1812 362 1859 dare
407 1829 510 1860 non
553 1821 780 1876 possent,
829 1818 1134 1878 gravissimis
1180 1832 1264 1862 me
1310 1816 1529 1879 querelis
1574 1833 1753 1864 onera-

243 1887 446 1935 verunt,
471 1884 545 1927 ita
565 1889 623 1928 ut
644 1885 714 1928 eis
735 1881 875 1927 illum
897 1883 1153 1930 traderem
1176 1891 1283 1940 aut,
1304 1885 1441 1947 quod
1460 1886 1553 1932 sibi
1574 1885 1751 1932 deberi

238 1949 601 2005 ostendebant,
621 1950 757 1997 unde
785 1953 1092 2013 acciperent,
1111 1952 1446 2014 providerem.
1517 1952 1750 2016 Cumque

240 2015 538 2062 obtulissem
560 2018 735 2064 Fascio
761 2025 819 2064 ut
845 2026 1067 2065 vestram
1093 2023 1423 2066 sanctitatem
1444 2021 1508 2068 de
1533 2024 1751 2067 necessi-

306 2128 325 2147 ⁰
357 2124 409 2164 In
438 2124 526 2165 this
554 2124 680 2166 letter
707 2130 753 2166 to
782 2126 848 2166 his
876 2130 1196 2180 congregation
1224 2133 1271 2169 at
1299 2128 1467 2181 Hippo,
1496 2130 1750 2182 Augustine

244 2177 428 2272 3333?
437 2179 605 2274 afoclesst
617 2178 1131 2276 ⁰fiss¹efiss¹3¹¹153u552²21b¹50
1147 2183 1322 2278 ¹¹:23.ae
1350 2197 1487 2278 3ῖὲῗῖ
1498 2184 1750 2279 tss‘zvffiss‘ssz

243 2286 332 2326 and
348 2286 754 2336 fellow—Christian‚
773 2289 969 2338 Fascius,
985 2291 1085 2331 who
1100 2291 1235 2344 being
1250 2292 1429 2344 pressed
1444 2292 1505 2344 by
1520 2292 1746 2341 creditors‚

242 2340 351 2381 took
390 2346 631 2395 sanctuary
671 2345 715 2383 in
754 2344 828 2384 the
863 2345 1044 2385 church.
1108 2345 1177 2397 By
1211 2359 1238 2386 a
1271 2345 1357 2386 law
1392 2347 1442 2387 of
1471 2347 1746 2388 Theodosius

241 2394 370 2446 (Cod.
397 2396 551 2437 Theod.
574 2399 630 2438 ix.
662 2401 731 2438 45.
769 2398 856 2448 1-3)
889 2398 1070 2439 Fascius
1101 2413 1191 2440 was
1220 2399 1353 2441 liable
1383 2405 1429 2441 to
1459 2403 1626 2442 seizure
1655 2401 1745 2442 and

241 2449 452 2497 removal,
499 2450 647 2491 unless
694 2452 768 2492 the
816 2452 975 2505 bishop
1023 2453 1288 2506 discharged
1334 2455 1410 2496 the
1456 2455 1576 2497 debt.
1636 2455 1743 2497 This

240 2503 494 2555 Augustine
518 2504 594 2545 did
620 2505 681 2557 by
705 2505 972 2559 borrowing‚
998 2507 1080 2548 but
1103 2521 1151 2549 as
1177 2508 1359 2553 Fascius
1384 2509 1464 2550 has
1488 2514 1566 2550 not
1589 2510 1740 2566 repaid

241 2557 348 2606 him,
372 2558 427 2599 he
448 2558 631 2611 appeals
653 2559 722 2600 for
743 2560 856 2603 their
877 2561 994 2617 help.

243 2626 338 2669 520
