1866 2964
725 162 815 213 ST.
855 163 1263 213 AUGUSTINE

241 317 325 347 eos
372 298 604 346 homines
654 300 758 362 qui,
801 301 1099 362 priusquam
1141 296 1344 353 vellem,
1389 296 1454 343 ad
1502 294 1751 359 quosdam

240 389 438 436 illorum
474 390 742 450 pervenire
784 394 1084 450 potuerunt,
1123 387 1386 449 dispositio
1422 401 1540 431 mea
1577 385 1755 447 nequi-

241 481 395 524 visset
432 475 649 539 impleri,
687 479 1031 539 interruptam
1074 476 1409 523 dictationem
1449 473 1757 537 reliqueram

241 570 470 630 cogitans
490 565 585 612 hoc
603 568 772 628 ipsum
789 569 842 611 in
862 565 1113 628 aliquibus
1134 567 1331 628 scriptis
1350 567 1477 611 meis
1498 563 1758 625 conqueri,

243 663 300 702 ut
327 659 514 702 scirent
541 657 627 718 qui
656 661 867 717 possent
898 671 999 701 non
1023 671 1052 700 a
1074 670 1157 700 me
1188 653 1344 700 fuisse
1369 652 1576 700 eosdem
1604 650 1758 697 libros

245 745 427 801 editos,
451 744 541 790 sed
562 742 757 790 ablatos
774 746 1071 807 priusquam
1090 742 1213 789 mihi
1237 743 1461 790 editione
1483 757 1601 788 mea
1620 740 1761 803 digni

249 834 557 881 viderentur.
628 832 820 879 Verum
854 831 1133 879 multorum
1167 830 1384 879 fratrum
1419 830 1762 878 vehementis-

247 926 373 969 sima
392 921 739 985 postulatione
766 929 819 968 et
844 924 1068 968 maxime
1094 928 1185 968 tua
1209 924 1430 968 iussione
1456 918 1761 982 compulsus,

249 1028 373 1075 opus
415 1019 524 1058 tam
564 1010 872 1057 laboriosum
915 1011 1191 1058 adiuvante
1239 1011 1444 1058 domino
1486 1012 1763 1057 terminare

249 1103 435 1156 curavi,
459 1116 647 1163 eosque
676 1101 994 1157 emendatos,
1014 1117 1115 1147 non
1142 1107 1200 1147 ut
1225 1099 1376 1156 volui,
1397 1100 1488 1147 sed
1517 1105 1576 1145 ut
1600 1100 1763 1161 potui,

251 1206 315 1236 ne
362 1191 425 1236 ab
470 1189 582 1245 illis,
629 1192 715 1252 qui
759 1190 991 1252 subrepti
1034 1192 1137 1236 iam
1180 1192 1233 1236 in
1275 1206 1456 1236 manus
1501 1187 1765 1235 hominum

253 1282 503 1334 exierant,
548 1278 824 1341 plurimum
869 1279 1236 1342 discreparent,
1281 1280 1598 1325 venerationi
1642 1283 1766 1323 tuae

252 1384 343 1431 per
375 1367 533 1414 filium
564 1374 795 1413 nostrum
826 1368 1194 1415 condiaconum
1225 1370 1539 1414 carissimum
1568 1368 1682 1413 misi
1714 1371 1768 1412 et

253 1460 555 1519 cuicumque
580 1457 877 1513 audiendos,
900 1456 1145 1521 legendos
1169 1457 1633 1520 describendosque
1655 1471 1770 1519 per-

255 1548 381 1593 misi.
454 1545 514 1591 In
546 1546 728 1608 quibus
761 1549 801 1592 si
838 1549 1025 1593 servari
1058 1563 1174 1594 mea
1205 1547 1467 1610 dispositio
1498 1548 1769 1609 potuisset,

257 1641 429 1681 essent
476 1633 725 1696 profecto,
768 1638 865 1681 etsi
915 1636 1122 1682 easdem
1165 1639 1448 1683 sententias
1497 1634 1767 1690 habentes,

257 1722 418 1769 multo
452 1730 629 1769 tamen
665 1723 986 1771 enodatiores
1023 1732 1179 1788 atque
1213 1725 1484 1788 planiores,
1519 1730 1770 1788 quantum

257 1828 426 1858 rerum
451 1818 714 1858 tantarum
742 1812 1158 1875 explicandarum
1183 1813 1449 1861 difficultas
1476 1820 1530 1860 et
1554 1811 1770 1859 facultas

259 1907 432 1946 nostra
463 1907 746 1962 pateretur.
818 1900 948 1948 Sunt
982 1910 1158 1949 autem
1188 1906 1275 1966 qui
1307 1907 1494 1966 primos
1526 1909 1772 1966 quattuor

260 1987 338 2035 vel
372 1991 542 2051 potius
580 1992 806 2053 quinque
844 1994 1001 2037 etiam
1037 1994 1144 2038 sine
1179 1995 1450 2055 prooemiis
1486 1990 1682 2038 habent
1718 1996 1772 2036 et

260 2077 619 2123 duodecimum
663 2081 770 2124 sine
816 2086 1049 2126 extrema
1090 2088 1239 2143 parte
1285 2098 1388 2128 non
1428 2097 1599 2144 parva.
1670 2078 1772 2126 Sed

260 2168 300 2211 si
345 2168 414 2211 eis
463 2164 590 2212 haec
640 2166 797 2213 editio
845 2172 1074 2230 potuerit
1121 2172 1460 2226 innotescere,
1503 2172 1690 2225 omnia,
1732 2172 1773 2216 si

263 2252 514 2300 voluerint
557 2261 610 2301 et
650 2254 920 2312 valuerint,
956 2258 1322 2305 emendabunt.
1394 2258 1523 2306 Peto
1557 2274 1679 2305 Sane
1717 2265 1776 2304 ut

263 2340 392 2388 hanc
421 2342 693 2405 epistulam
720 2360 947 2391 seorsum
975 2347 1183 2409 quidem
1210 2347 1301 2395 sed
1327 2354 1505 2395 tamen
1531 2347 1596 2395 ad
1622 2353 1778 2410 caput

265 2430 544 2477 eorundem
569 2430 811 2478 librorum
836 2434 1013 2480 iubeas
1039 2440 1298 2498 anteponi.
1371 2436 1473 2484 Ora
1498 2453 1589 2499 pro
1613 2452 1711 2482 me.

277 2587 374 2628 304
