1866 2964
232 554 258 590 5

765 212 855 260 ST.
892 213 1297 261 AUGUSTINE

283 349 337 389 et
373 342 436 389 de
472 358 527 388 re
562 341 764 404 publica
798 343 1171 406 disputantium
1204 345 1512 389 auctoritate
1542 342 1773 389 firmatur

280 413 614 472 nequissimos
638 409 868 457 homines
893 411 1000 457 fieri
1023 411 1234 457 deorum
1248 413 1537 457 imitatione
1558 412 1775 472 peiores,

281 494 383 523 non
405 494 527 523 sane
549 494 782 524 verorum
805 478 896 525 sed
916 477 1158 525 falsorum
1181 485 1338 541 atque
1361 478 1609 524 fictorum.

345 546 417 590 At
442 547 576 591 enim
597 544 683 590 illa
702 548 870 591 omnia
893 562 1025 608 quae
1045 549 1328 608 antiquitus
1350 545 1415 592 de
1439 548 1545 592 vita
1564 545 1776 592 deorum

279 613 605 674 moribusque
648 616 933 675 conscripta
974 620 1110 668 sunt,
1153 613 1303 676 longe
1347 612 1495 659 aliter
1537 618 1657 659 sunt
1697 614 1774 656 in—

279 678 573 742 tellegenda
633 687 790 742 atque
847 681 1236 742 interpretanda
1292 680 1622 742 sapientibus.
1687 677 1772 724 Ita

281 763 399 793 vero
431 750 484 792 in
515 746 719 809 templis
750 747 948 809 populis
980 750 1302 811 congregatis
1330 750 1532 794 recitari
1562 745 1770 793 huiusce

280 814 418 860 modi
446 813 671 860 salubres
699 818 1150 877 interpretationes
1180 814 1290 861 heri
1320 822 1374 862 et
1402 815 1771 862 nudiustertius

281 881 579 928 audivimus.
648 881 851 939 Quaeso
876 889 949 937 te,
975 886 1128 928 sicine
1154 898 1362 929 caecum
1388 888 1468 928 est
1490 881 1771 928 humanum

280 965 441 1011 genus
478 949 716 995 adversus
750 953 1041 1005 veritatem,
1075 957 1133 996 ut
1167 957 1275 996 tam
1311 956 1491 1012 aperta
1525 956 1579 995 et
1610 950 1771 994 mani-

278 1014 412 1061 festa
435 1033 536 1062 non
560 1019 750 1062 sentiat
771 1017 789 1062 ?
856 1017 955 1063 Tot
976 1017 1095 1063 locis
1118 1020 1363 1080 pingitur,
1384 1015 1632 1071 funditur,
1653 1022 1770 1061 tun—

282 1084 436 1138 ditur,
476 1083 738 1145 sculpitur,
771 1085 1023 1140 scribitur,
1057 1084 1263 1148 legitur,
1297 1087 1484 1148 agitur,
1515 1089 1770 1137 cantatur,

278 1150 495 1196 saltatur
517 1150 750 1213 Iuppiter
771 1151 1023 1198 adulteria
1041 1159 1191 1198 tanta
1211 1155 1538 1198 committens
1558 1166 1570 1206 ;
1610 1166 1769 1213 quan-

278 1224 390 1264 tum
424 1225 552 1274 erat,
583 1225 641 1265 ut
670 1222 723 1263 in
755 1235 844 1265 suo
875 1218 1059 1265 saltem
1090 1219 1341 1281 Capitolio
1366 1223 1468 1265 ista
1494 1216 1768 1281 prohibens

278 1284 577 1348 legeretur?
662 1285 805 1331 Haec
867 1285 1003 1332 mala
1065 1287 1327 1333 dedecoris
1385 1288 1767 1348 impietatisque

277 1352 569 1414 plenissima
594 1355 634 1398 si
660 1356 864 1399 nemine
889 1353 1194 1416 prohibente
1218 1357 1271 1400 in
1295 1353 1493 1416 populis
1516 1352 1767 1407 ferveant,

279 1420 555 1466 adorentur
582 1423 634 1465 in
663 1420 886 1483 templis,
913 1422 1177 1468 rideantur
1204 1425 1257 1467 in
1284 1421 1519 1476 theatris,
1545 1437 1660 1466 cum
1689 1419 1766 1466 his

278 1490 507 1533 victimas
534 1487 818 1544 immolant,
844 1496 1074 1535 vastetur
1100 1505 1254 1551 pecus
1283 1492 1439 1535 etiam
1465 1504 1766 1551 pauperum,

277 1571 391 1600 cum
431 1553 557 1600 haec
595 1554 865 1602 histriones
904 1563 1065 1620 agunt
1105 1564 1159 1602 et
1197 1556 1406 1611 saltant,
1442 1554 1766 1602 effundantur

274 1625 580 1683 patrimonia
643 1623 875 1678 divitum,
939 1627 1172 1670 civitates
1245 1623 1424 1670 florere
1487 1623 1763 1670 dicuntur?

276 1688 471 1735 Horum
507 1689 659 1751 plane
696 1689 875 1736 florum
912 1707 1014 1737 non
1051 1698 1189 1737 terra
1223 1689 1422 1747 fertilis,
1457 1707 1559 1736 non
1596 1689 1765 1753 aliqua

275 1755 485 1817 opulens
507 1760 665 1803 virtus
687 1758 777 1804 sed
798 1757 882 1803 illa
905 1758 1002 1804 dea
1025 1757 1172 1804 Flora
1193 1758 1347 1822 digna
1369 1765 1536 1804 mater
1554 1760 1764 1803 inventa

274 1831 369 1878 est,
390 1827 529 1870 cuius
549 1823 653 1870 ludi
673 1828 856 1871 scenici
874 1832 982 1871 tam
1003 1824 1234 1872 effusiore
1255 1833 1309 1872 et
1325 1825 1588 1872 licentiore
1603 1827 1764 1887 turpi-

272 1891 389 1936 dine
421 1890 760 1947 celebrantur,
790 1899 848 1938 ut
889 1896 1049 1955 quivis
1079 1892 1350 1956 intellegat
1379 1892 1530 1956 quale
1559 1892 1763 1939 daemo-

270 1961 410 2004 nium
434 1962 517 2014 sit,
542 1960 678 2022 quod
708 1959 895 2021 placari
924 1959 1072 2006 aliter
1095 1977 1195 2006 non
1218 1967 1393 2023 potest
1423 1963 1517 2006 nisi
1538 1959 1637 2006 illic
1660 1976 1762 2006 non

334 2088 354 2107 ‘²
384 2083 579 2136 Perhaps
595 2098 621 2124 a
638 2085 859 2125 reference
873 2089 919 2125 to
935 2085 1010 2126 the
1026 2089 1215 2137 attempt
1231 2085 1362 2126 made
1377 2085 1439 2138 by
1453 2085 1529 2127 the
1545 2085 1763 2137 Emperor

272 2136 426 2177 Julian
448 2142 494 2178 to
515 2138 748 2190 allegorize
768 2138 842 2179 the
863 2139 1012 2190 myths
1033 2141 1084 2179 of
1099 2142 1348 2192 paganism.

335 2191 350 2215 ⁶
382 2192 502 2232 With
526 2192 612 2232 this
631 2192 826 2244 heaping
844 2206 906 2244 up
929 2195 980 2233 of
998 2193 1126 2234 verbs
1149 2194 1204 2246 cs.
1231 2194 1285 2234 In
1304 2194 1380 2235 Ps.
1405 2193 1477 2234 lvi.
1507 2196 1556 2234 16
1579 2194 1605 2210 ‘⁴
1621 2193 1759 2246 (caro)

273 2247 451 2294 esuriat,
498 2248 632 2294 sitiat,
691 2246 897 2295 dormiat,
943 2251 1158 2295 teneatur,
1203 2247 1463 2300 flagelletur,
1513 2247 1759 2295 irrideatur,

272 2300 571 2351 crucifigatur,
593 2300 877 2351 sepeliatur.''

335 2359 349 2378 ⁶
382 2353 511 2394 Flora
538 2367 628 2394 was
656 2355 878 2406 supposed
906 2359 952 2395 to
980 2355 1153 2407 preside
1180 2369 1283 2396 over
1309 2355 1385 2396 the
1411 2354 1686 2408 blossoming
1714 2355 1764 2395 of

272 2407 419 2460 plants
439 2410 481 2448 in
507 2410 673 2460 spring.
733 2408 827 2449 The
855 2408 980 2449 floral
1007 2422 1161 2462 games
1189 2409 1446 2461 (Floralia),
1474 2409 1619 2450 which
1648 2409 1758 2449 have

272 2462 382 2501 been
405 2462 597 2502 asserted
618 2466 663 2502 to
690 2462 743 2502 be
766 2463 841 2503 the
867 2476 1021 2504 source
1039 2464 1090 2503 of
1109 2463 1185 2504 the
1213 2463 1435 2515 May-day
1455 2477 1626 2516 games,
1646 2477 1759 2504 were

272 2515 374 2556 held
403 2517 519 2556 from
551 2515 679 2568 April
708 2519 762 2557 28
794 2521 840 2556 to
875 2517 987 2568 May
1016 2520 1058 2564 3,
1089 2517 1178 2557 and
1209 2531 1322 2558 were
1349 2517 1667 2570 accompanied
1696 2517 1759 2569 by

269 2570 378 2610 such
419 2569 583 2611 licence
622 2570 719 2611 that
759 2570 834 2611 the
875 2570 1053 2612 Church
1094 2571 1129 2612 F
1131 2571 1278 2612 athers
1319 2585 1450 2612 name
1489 2572 1612 2613 them
1652 2572 1758 2613 with

281 2639 369 2680 158
