1866 2964
755 183 846 233 ST.
885 184 1293 233 AUGUSTINE

269 327 362 367 est.
434 319 585 378 Quod
610 335 726 366 cum
750 318 874 365 mihi
898 316 1265 373 nuntiaretur,1
1292 323 1346 364 et
1375 314 1540 363 adhuc
1566 331 1667 378 quo
1692 311 1775 360 vel

269 408 297 436 a
340 392 522 454 quibus
570 397 746 453 raptus
789 389 963 445 fuerit,
1005 392 1303 444 nesciretur,
1341 390 1556 451 suspicio
1599 393 1776 432 'tamen

266 470 401 509 esset
420 463 483 509 de
502 461 585 508 illo
612 478 767 525 quem
783 468 1020 508 metuens
1040 477 1093 507 se
1119 476 1210 522 per
1229 459 1493 507 ecclesiam
1511 458 1775 510 tuebatur,

263 536 505 579 continuo
546 535 659 579 misi
703 533 768 579 ad
809 533 1090 588 tribunum,
1135 535 1221 596 qui
1263 530 1598 578 custodiendo
1639 527 1775 574 litori

264 607 572 651 constitutus
613 611 706 650 est.
779 603 924 650 Misit
962 603 1243 659 militares3
1299 619 1451 649 nemo
1489 602 1660 664 potuit
1696 614 1774 644 re-

262 678 430 739 periri.
502 674 603 722 Sed
624 692 775 722 mane
799 679 1144 739 cognovimus,
1169 682 1222 721 et
1244 678 1296 721 in
1319 691 1420 738 qua
1443 674 1594 721 domo
1616 670 1773 717 fuerit

262 754 316 793 et
350 747 488 810 quod
519 754 635 810 post
669 746 789 811 galli
823 755 1031 794 cantum
1069 765 1184 795 cum
1232 746 1315 793 illo
1351 746 1652 793 abscesserit
1686 743 1772 804 qui

262 833 380 864 eum
412 826 668 865 tenuerat.
739 819 912 865 Etiam
943 818 1060 865 illuc
1091 822 1222 875 misi,
1255 835 1354 882 quo
1387 817 1654 865 dicebatur
1686 812 1773 858 ab·

261 889 462 946 ductus,
501 890 586 935 ubi
607 897 919 937 memoratus
957 890 1178 937 officialis
1215 893 1453 937 inventus
1490 887 1770 935 concedere

259 962 563 1025 presbytero
612 977 767 1025 quem
813 964 1069 1018 miseram,
1110 961 1290 1018 noluit,
1329 969 1388 1008 ut
1429 976 1547 1006 eum
1586 957 1768 1005 saltem

259 1033 472 1079 videret.
544 1032 658 1080 Alio
701 1033 783 1080 die
825 1036 938 1080 misi
979 1033 1195 1089 litteras,
1238 1041 1422 1096 petens
1464 1039 1523 1078 ut
1566 1033 1613 1077 ei
1654 1047 1770 1077 con-

259 1104 529 1150 cederetur
566 1104 703 1167 quod
730 1108 875 1152 iussit
911 1107 964 1150 in
991 1108 1152 1152 causis
1180 1104 1367 1152 talibus
1394 1107 1691 1166 imperator,
1717 1101 1770 1148 id

259 1182 338 1221 est
366 1183 423 1222 ut
453 1179 577 1222 actis
605 1176 995 1239 municipalibus
1023 1180 1480 1240 interrogarentur,
1510 1178 1596 1238 qui
1623 1190 1769 1237 prae-

258 1250 395 1308 cepti
427 1245 619 1293 fuerint
657 1246 950 1303 exhibendi,
984 1255 1157 1295 utrum
1190 1247 1348 1294 velint
1380 1250 1432 1293 in
1465 1264 1526 1293 ea
1558 1249 1766 1293 civitate

256 1318 350 1363 sub
387 1318 617 1364 custodia
653 1319 921 1365 moderata
957 1322 1171 1382 triginta
1207 1319 1314 1366 dies
1353 1335 1524 1382 agere,
1562 1325 1621 1365 ut
1655 1335 1765 1365 rem

256 1405 399 1434 suam
443 1390 680 1436 ordinent
722 1389 802 1436 vel
843 1397 1153 1453 praeparent
1195 1397 1447 1452 sumptus,
1488 1389 1542 1436 id
1584 1393 1764 1454 utique

258 1463 554 1506 existimans
603 1461 741 1524 quod
787 1477 879 1523 per
919 1465 1053 1524 ipsos
1096 1462 1203 1508 dies
1244 1478 1507 1525 possemus
1548 1460 1764 1509 fortasse

256 1548 461 1578 causam
502 1535 608 1578 eius
649 1535 811 1578 amica
850 1533 1224 1594 disceptatione
1265 1532 1424 1579 finire.
1496 1532 1606 1579 Iam
1645 1551 1795 1584 ver0,

257 1619 372 1648 cum
391 1602 475 1649 illo
495 1602 691 1649 officiali
710 1602 969 1665 profectus
995 1604 1178 1650 ductus
1206 1612 1299 1651 est.
1369 1603 1471 1651 Sed
1495 1611 1664 1652 metus
1686 1612 1765 1652 est

256 1690 320 1720 ne
346 1672 478 1721 forte
501 1675 565 1721 ad
585 1674 857 1721 consularis
883 1675 1160 1738 perductus
1186 1675 1404 1722 officium
1427 1675 1548 1722 mali
1574 1676 1764 1741 aliquid

254 1748 495 1808 patiatur.
568 1745 743 1792 Habet
765 1749 899 1792 enim
925 1763 1129 1793 causam
1155 1764 1270 1794 cum
1295 1746 1499 1793 homine
1525 1752 1764 1810 pecunio-

255 1820 467 1872 sissimo,
505 1820 734 1880 quamvis
771 1817 948 1864 iudicis
995 1821 1265 1882 integritas
1313 1817 1451 1864 fama
1489 1817 1763 1866 clarissima

254 1888 592 1950 praedicetur.
665 1888 742 1934 Ne
774 1889 897 1951 quid
926 1896 1103 1935 tamen
1134 1889 1271 1952 apud
1299 1889 1517 1936 officium
1546 1895 1763 1953 pecunia

253 1958 565 2021 praevaleat,
595 1966 718 2021 peto
748 1963 1079 2007 sanctitatem
1115 1967 1277 2016 tuam,
1308 1961 1512 2007 domine
1542 1960 1762 2009 dilectis—

253 2033 379 2076 sime
418 2038 471 2076 et
513 2029 815 2076 venerabilis
863 2029 1040 2087 frater,
1083 2039 1142 2078 ut
1188 2031 1470 2078 honorabili
1512 2033 1759 2097 nobisque

256 2103 511 2147 carissimo
553 2100 801 2147 consulari
852 2102 1074 2165 digneris
1115 2103 1320 2150 tradere
1370 2101 1568 2149 litteras
1618 2120 1758 2151 meas

255 2179 308 2218 et
339 2170 428 2217 has
465 2175 509 2218 ei
536 2171 726 2235 legere,
759 2175 877 2235 quia
908 2173 983 2218 bis
1016 2173 1234 2220 eandem
1268 2190 1473 2220 causam
1503 2177 1759 2221 insinuare

318 2270 333 2294 ¹
367 2270 449 2310 The
466 2282 566 2310 MSS.
586 2271 692 2310 have
713 2271 877 2323 simply
898 2273 1169 2320 nuntiatum,
1193 2271 1310 2324 after
1330 2272 1466 2312 which
1489 2272 1759 2314 Goldbacher

264 2325 424 2364 inserts
445 2329 572 2365 esset.
635 2324 719 2364 The
739 2331 900 2365 correct
922 2327 1108 2378 readiny
1131 2327 1168 2366 is
1185 2326 1400 2379 probably
1421 2328 1713 2369 nuntiaretur.

314 2479 332 2497 ⁰
364 2472 458 2514 The
479 2475 701 2514 reference
724 2476 758 2514 is
779 2478 824 2514 to
846 2474 920 2515 the
941 2473 1048 2515 laws
1069 2475 1120 2515 of
1135 2474 1426 2523 Theodosius,
1443 2475 1494 2515 of
1510 2474 1758 2516 December

254 2530 324 2575 30,
351 2530 449 2575 380,
476 2528 565 2568 and
592 2529 643 2569 of
665 2529 906 2577 Honorius,
932 2530 983 2569 of
1003 2530 1209 2581 January
1233 2532 1304 2577 21,
1330 2532 1412 2570 409
1439 2528 1569 2581 (Cod.
1601 2529 1755 2572 Theod.

255 2584 311 2622 ix.
334 2584 400 2622 tit.
423 2585 501 2634 ii.).

259 2643 356 2683 210
