1866 2964
715 144 806 191 ST.
844 143 1255 191 AUGUSTINE

228 275 339 323 Hoc
381 293 496 323 eum
540 277 766 324 audisset
807 280 923 332 iste,
965 280 1039 323 ita
1082 293 1192 323 esse
1235 277 1452 324 credidit
1494 284 1650 340 atque
1692 276 1745 324 id

227 363 556 421 responsione
605 359 840 405 firmavit.
913 358 1055 405 Tunc
1093 362 1180 422 qui
1216 358 1477 406 hominem
1508 359 1746 415 docebat,

228 441 414 488 adiecit
441 449 492 488 et
519 445 590 488 ait
617 458 626 487 ε
671 440 697 456 “
727 441 829 488 Ubi
855 448 934 488 est
957 442 1109 488 modo
1134 458 1313 504 corpus
1339 449 1487 488 tuum
1511 442 1529 488 ?
1556 441 1583 456 ''
1653 440 1746 499 Ille

227 524 526 586 respondit:
589 522 615 538 ‘⁴
643 523 703 569 In
745 523 976 570 cubiculo
1017 523 1188 570 meo.''
1258 523 1286 539 “
1312 523 1538 580 Scisne‚’'
1579 527 1747 587 inquit

226 605 328 662 ille,
371 605 475 651 “in
519 606 702 652 eodem
744 605 1040 668 corpusculo
1082 623 1217 653 nunc
1260 623 1370 653 esse
1411 605 1650 670 inligatos
1694 613 1748 652 et

228 687 422 734 clausos
472 695 525 734 et
573 692 759 735 otiosos
809 688 978 735 oculos
1015 696 1130 735 tuos
1178 687 1407 752 nihilque
1455 688 1549 735 illis
1592 688 1748 735 oculis

228 777 281 817 te
319 771 529 817 videre?
552 770 580 785 ''
619 769 935 833 Respondit:
981 770 1007 786 “
1029 770 1194 818 Scio.''
1262 771 1404 818 Tunc
1439 770 1555 818 ille:
1598 770 1625 786 “
1648 770 1749 830 Qui

230 860 350 900 sunt
386 852 560 916 ergo,’'
595 856 780 916 inquit,
817 853 953 900 “isti
989 853 1136 910 oculi,
1172 854 1355 917 quibus
1390 870 1473 900 me
1508 853 1648 900 vides
1673 854 1691 899 ?
1717 851 1746 868 ’'

229 934 312 982 Ad
339 934 434 982 hoc
457 939 554 982 iste
575 953 677 982 non
700 939 962 982 inveniens
990 936 1113 999 quid
1137 936 1491 999 responderet,
1515 936 1747 982 obticuit.

229 1017 321 1063 Cui
351 1017 629 1064 haesitanti
662 1017 744 1065 ille
773 1018 911 1081 quod
942 1017 1018 1065 his
1045 1019 1533 1082 interrogationibus
1560 1019 1746 1065 docere

227 1099 551 1156 moliebatur,
590 1104 809 1163 aperuit,
849 1108 901 1147 et
943 1104 1220 1147 continuo:
1276 1100 1304 1116 “
1330 1099 1524 1157 Sicut,”
1563 1103 1750 1164 inquit,

232 1181 259 1197 “
284 1182 354 1228 illi
386 1182 516 1228 oculi
547 1186 709 1228 0311115
741 1190 863 1229 tuae
895 1186 1076 1246 utique
1106 1186 1160 1228 in
1190 1183 1478 1230 dormiente
1511 1189 1668 1246 atque
1699 1185 1751 1228 in

230 1263 418 1311 lectulo
444 1267 647 1310 iacente
675 1281 809 1311 nunc
836 1271 1021 1312 vacant
1047 1282 1141 1311 1100
1170 1264 1362 1328 aliquid
1388 1272 1666 1328 operantur
1697 1271 1752 1311 et

229 1353 406 1392 tamen
447 1353 567 1393 sunt
607 1350 709 1402 isti,
751 1348 934 1410 quibus
976 1363 1059 1393 me
1100 1350 1315 1394 intueris
1358 1354 1412 1394 et
1451 1350 1552 1394 ista
1591 1349 1750 1393 uteris

232 1432 440 1484 visione,
483 1431 557 1475 ita
607 1445 723 1475 cum
766 1427 1040 1476 defunctus
1089 1428 1263 1485 fueris,
1306 1428 1431 1475 nihil
1479 1429 1751 1492 agentibus

232 1510 386 1557 0011115
407 1514 567 1557 0311115
587 1517 728 1565 tuae,
747 1514 853 1557 vita
872 1511 966 1557 tibi
984 1514 1138 1558 inerit
1157 1528 1259 1574 qua
1276 1514 1432 1568 vivas,
1451 1526 1750 1574 sensusque,

235 1609 334 1655 quo
370 1596 577 1639 sentias.
649 1592 784 1639 Cave
819 1596 921 1638 iam
958 1593 1217 1656 deinceps,
1251 1610 1317 1640 ne
1353 1593 1557 1640 dubites
1592 1595 1752 1639 vitam

233 1691 442 1721 manere
464 1682 579 1736 post
602 1673 875 1721 mortem.''
945 1675 1027 1722 Ita
1049 1675 1145 1722 sibi
1167 1674 1318 1722 homo
1341 1674 1502 1722 fidelis
1525 1674 1752 1721 ablatam

234 1756 358 1803 dicit
388 1755 536 1803 huius
562 1760 635 1803 rei
667 1757 1064 1813 dubitationem,
1092 1774 1193 1821 quo
1219 1758 1438 1804 docente
1464 1760 1559 1804 nisi
1588 1759 1752 1820 provi-

234 1839 411 1885 dentia
437 1846 490 1885 et
514 1839 859 1885 misericordia
884 1839 967 1886 dei
991 1839 1009 1885 ?

187 1928 210 1965 5
301 1921 408 1967 Ista
442 1924 734 1967 narratione
769 1921 958 1968 dixerit
992 1921 1171 1985 aliquis
1205 1928 1385 1968 tantae
1418 1924 1492 1968 rei
1525 1937 1616 1968 nos
1650 1937 1752 1967 non

235 2001 441 2049 solvisse
492 2003 583 2050 sed
634 2006 835 2049 auxisse
887 2007 1258 2066 quaestionem.
1333 2003 1525 2050 Verum
1574 2010 1752 2050 tamen

236 2101 352 2131 cum
371 2083 446 2131 his
468 2086 633 2131 verbis
652 2085 861 2132 credere
881 2085 962 2132 vel
981 2102 1082 2132 non
1101 2086 1310 2133 credere
1329 2085 1547 2132 liberum
1567 2088 1751 2148 cuique

236 2169 320 2223 sit,
354 2183 408 2213 se
441 2170 608 2229 ipsum
643 2171 858 2230 quisque
888 2165 1065 2224 habet,
1100 2185 1200 2230 quo
1234 2184 1289 2214 se
1323 2174 1520 2224 avocet,
1544 2165 1753 2230 profun-

240 2249 500 2295 dissimam
534 2252 905 2311 quaestionem.
977 2249 1047 2296 Et
1080 2249 1257 2313 vigilat
1289 2248 1441 2296 homo
1479 2256 1532 2296 et
1565 2249 1753 2296 dormit

239 2329 390 2377 homo
433 2331 619 2377 cotidie
664 2338 717 2377 et
759 2334 954 2394 cogitat
995 2329 1162 2378 homo.
1251 2331 1405 2378 Dicat
1446 2330 1584 2378 unde
1626 2329 1753 2376 fiant

238 2415 337 2459 ista
355 2412 535 2459 similia
553 2411 744 2468 formis,
763 2412 943 2459 similia
962 2413 1313 2477 qualitatibus,
1331 2413 1511 2460 similia
1529 2412 1752 2459 motibus

240 2511 507 2558 corporum
550 2511 644 2546 nec
687 2502 864 2545 tamen
907 2499 1123 2543 materie
1167 2495 1426 2560 corporali.
1497 2494 1669 2553 Dicat,
1712 2495 1753 2543 si

248 2620 344 2662 280
