1866 2964
761 189 854 239 ST.
893 186 1304 238 AUGUSTINE

276 328 399 373 satis
437 342 583 372 nosse
622 326 855 380 arbitror,
882 323 974 371 sed
1008 323 1152 370 nobis
1189 322 1357 378 crede,
1386 328 1637 386 quantum
1671 321 1793 368 boni

275 403 455 451 feceris
490 403 609 450 talia
651 404 795 449 nobis
832 405 1021 464 scripta
1055 401 1327 448 mittendo.
1397 400 1538 447 Sicut
1563 402 1699 447 enim
1733 405 1793 445 tu

276 486 423 529 testis
449 499 501 528 es
526 485 680 528 animi
703 484 798 537 tui,
822 483 897 527 ita
919 496 1009 526 nos
1032 482 1210 534 nostri,
1233 495 1388 543 quem
1412 479 1477 526 ad
1498 478 1712 525 modum·
1728 479 1794 523 sit

277 559 487 607 affectus
513 559 713 606 illarum
743 561 1037 605 sinceritate
1062 556 1463 604 luculentissima
1485 556 1791 604 litterarum.

275 637 325 684 Si
364 641 499 684 enim
529 639 879 684 brevissimam
911 635 1183 699 epistulam
1219 642 1382 691 tuam,
1413 652 1567 699 quam
1604 635 1668 682 de
1697 633 1793 680 hac

275 719 385 779 ipsa
408 733 462 762 re
488 716 553 762 ad
581 717 935 762 beatissimum
959 730 1135 760 senem
1159 712 1425 760 Aurelium
1447 730 1540 777 per
1565 712 1793 759 Leonem

275 793 551 840 acolithum
579 794 829 848 direxisti,
858 791 1113 839 exultanti
1142 791 1407 838 alacritate
1436 792 1791 855 descripsimus

276 879 347 928 et,
402 873 585 936 quibus
638 879 954 935 poteramus,
1006 887 1196 934 magno
1250 871 1420 917 studio
1472 869 1790 934 legebamus,

276 952 362 997 ubi
410 952 554 997 nobis
605 952 886 1013 exposuisti
937 949 1061 1012 quid
1113 949 1178 996 de
1236 947 1320 995 illo
1367 951 1791 1012 perniciosissimo

276 1030 520 1093 dogmate
547 1028 628 1075 vel
654 1028 778 1091 quid
803 1034 982 1074 contra
1007 1028 1072 1074 de
1098 1030 1266 1091 gratia
1293 1027 1393 1083 dei,
1420 1044 1575 1090 quam
1599 1025 1792 1090 pusillis

273 1110 577 1171 magnisque
632 1106 866 1170 largitur,
922 1109 1002 1152 cui
1059 1112 1138 1152 est
1192 1105 1319 1153 illud
1371 1108 1792 1160 inimicissimum,

276 1189 485 1241 sentias,
518 1192 714 1249 quanta
744 1201 834 1231 nos
866 1191 1018 1247 putas
1049 1187 1150 1230 ista
1180 1190 1272 1230 tua
1301 1183 1574 1246 prolixiora
1604 1186 1793 1246 scripta

275 1263 356 1311 vel
388 1263 707 1310 exultatione
737 1262 923 1326 legisse
954 1261 1035 1309 vel
1065 1279 1203 1318 cura,
1233 1269 1292 1309 ut
1320 1261 1578 1326 legantur,
1609 1262 1792 1326 quibus

274 1341 541 1398 valuimus,
563 1341 670 1388 aliis
692 1340 937 1388 obtulisse
960 1348 1117 1404 atque
1140 1339 1323 1397 adhuc,
1343 1341 1526 1404 quibus
1547 1339 1792 1396 valemus,

274 1420 489 1468 offerre!
559 1420 697 1478 Quid
735 1422 870 1466 enim
907 1422 1103 1483 gratius
1139 1418 1246 1483 legi
1283 1418 1364 1466 vel
1401 1419 1563 1466 audiri
1599 1425 1791 1482 potest,

276 1516 430 1562 quam
451 1501 650 1563 gratiae
673 1499 755 1545 dei
775 1505 884 1544 tam
904 1514 1031 1560 pura
1053 1495 1283 1544 defensio
1305 1498 1544 1544 adversus
1564 1500 1791 1543 inimicos

276 1580 383 1624 eius
424 1593 486 1623 ex
526 1593 612 1623 ore
652 1579 777 1632 eius,
817 1579 903 1639 qui
943 1576 1225 1623 eorundem
1260 1578 1579 1622 inimicorum
1616 1578 1791 1639 magni

274 1658 524 1702 momenti
577 1661 824 1717 patronus
880 1661 1036 1700 antea
1089 1655 1422 1700 iactabatur?
1490 1655 1600 1700 Aut
1653 1654 1789 1701 unde

275 1734 535 1780 uberiores
579 1733 675 1779 deo
718 1733 967 1779 debemus
1010 1749 1164 1796 agere
1205 1735 1416 1796 gratias,
1458 1749 1612 1796 quam
1654 1733 1792 1796 quod

277 1815 383 1858 eius
419 1814 488 1857 sic
523 1809 820 1858 defenditur
853 1813 1022 1874 gratia
1061 1811 1125 1857 ab
1162 1814 1233 1857 eis
1281 1811 1464 1874 quibus
1499 1811 1669 1866 datur,
1704 1811 1791 1858 ad-

275 1906 448 1935 versus
499 1905 583 1935 eos
632 1889 815 1952 quibus
852 1888 932 1935 vel
966 1906 1068 1935 non
1107 1889 1259 1936 datur
1301 1888 1381 1935 vel
1413 1892 1674 1953 ingratum
1712 1896 1791 1936 est

276 1968 413 2031 quod
443 1967 611 2023 datur,
642 1970 778 2030 quia,
809 1974 867 2013 ut
897 1970 968 2014 eis
997 1974 1203 2032 gratum
1232 1970 1316 2024 sit,
1346 1966 1544 2014 occulto
1574 1974 1628 2014 et
1655 1970 1790 2014 iusto

273 2046 459 2092 iudicio
485 2045 567 2092 dei
593 2062 694 2092 non
719 2045 872 2092 datur
896 2046 913 2092 ?

225 2130 249 2169 2
343 2122 688 2186 Quapropter,
714 2123 917 2170 domine
944 2122 1246 2170 venerabilis
1284 2130 1338 2171 et
1373 2126 1425 2170 in
1455 2122 1642 2171 Christi
1666 2126 1790 2170 eari-

273 2208 384 2248 tate
412 2201 730 2264 suscipiende
759 2208 934 2248 sancte
960 2200 1138 2258 frater,
1164 2205 1394 2265 quamvis
1414 2205 1607 2266 optime
1632 2200 1788 2249 facias

276 2296 391 2325 cum
419 2279 483 2326 de
511 2278 604 2325 hac
631 2296 685 2326 re
713 2280 886 2326 scribis
914 2280 979 2327 ad
1004 2278 1206 2336 fratres,
1234 2280 1371 2343 apud
1396 2297 1521 2344 quos
1547 2297 1601 2327 se
1627 2279 1697 2326 illi
1723 2281 1788 2328 de

274 2363 367 2403 tua
400 2356 568 2403 solent
604 2356 782 2404 efferre
824 2361 1064 2413 amicitia,
1099 2365 1276 2404 tamen
1316 2357 1442 2405 haec
1476 2375 1597 2405 cura
1629 2362 1790 2406 maior

335 2517 352 2534 ‘²
384 2511 491 2551 This
518 2513 553 2551 is
580 2526 686 2564 very
714 2512 936 2564 probably
962 2513 1037 2554 the
1066 2513 1158 2554 Leo
1185 2513 1284 2554 who
1310 2513 1571 2555 afterwards
1601 2514 1784 2555 became

279 2579 396 2618 pope
418 2565 508 2606 and
531 2568 566 2606 is
588 2565 754 2607 known
775 2580 824 2608 as
846 2568 871 2583 “
893 2568 967 2608 the
988 2567 1172 2609 Great.”

280 2629 374 2678 336
