1866 2964
235 1688 260 1724 01

778 187 869 236 ST.
908 188 1317 235 AUGUSTINE

289 317 446 365 inanis
490 325 558 366 est
602 326 644 366 et
671 319 806 383 fides
850 327 1018 368 vestra.
1087 321 1357 368 Invenimur
1401 327 1553 369 autem
1598 328 1641 369 et
1669 321 1805 387 falsi

289 400 423 440 testes
470 394 561 450 dei,
610 395 722 459 quia
770 395 1076 443 testimonium
1124 396 1328 444 diximus
1377 397 1602 445 adversus
1649 398 1803 454 deum,

289 470 413 534 quod
453 471 744 517 suscitaverit
790 471 1041 528 Christum,
1085 490 1218 537 quem
1261 490 1352 520 non
1395 473 1707 521 suscitavit.9¹
1753 473 1803 520 Si

289 549 400 609 quis
447 545 562 593 huic
609 548 839 594 diceret:
905 548 1096 607 “Quid
1140 552 1193 594 in
1238 548 1333 596 hoc
1378 550 1646 597 mendacio
1691 566 1806 613 per-

286 620 550 678 horrescis,
575 640 689 669 cum
712 624 764 670 id
788 624 975 670 dixeris
1001 625 1155 687 quod,
1181 628 1338 671 etiarn
1362 628 1403 671 si
1425 624 1610 672 falsum
1633 628 1717 681 sit,
1741 625 1806 672 ad

285 696 491 744 laudem
511 699 594 745 dei
612 703 835 746 maxime
854 699 1137 762 pertinet,’'
1156 718 1325 747 nonne
1343 700 1493 748 huius
1513 702 1804 749 detestatus

284 776 535 819 insaniam
583 776 766 838 quibus
812 783 988 838 posset
1034 777 1200 823 verbis
1249 784 1304 823 et
1350 777 1804 840 significationibus

285 852 337 894 in
365 849 532 896 lucem
564 850 851 913 penetralia
881 855 958 898 sui
987 853 1150 899 cordis
1182 856 1422 915 aperiret,
1449 852 1673 900 clamans
1703 870 1806 900 non

286 927 481 970 minore
530 933 619 971 aut
665 924 882 972 fortasse
931 930 1089 973 etiam
1134 931 1326 974 maiore
1373 927 1563 974 scelere
1609 932 1662 974 in
1707 929 1805 975 deo

286 998 482 1046 laudari
499 999 781 1047 falsitatem
800 1018 953 1064 quam
971 1005 1245 1049 veritatem
1262 1006 1541 1065 vituperari
1560 1004 1578 1049 ?
1631 1004 1806 1066 Agen-

287 1075 409 1121 dum
444 1083 521 1122 est
554 1079 729 1139 igitur,
762 1085 821 1123 ut
855 1078 919 1124 ad
958 1082 1304 1141 cognitionem
1337 1079 1622 1126 divinarum
1654 1082 1808 1142 scrip-

287 1158 519 1197 turarum
545 1151 660 1198 talis
687 1151 838 1199 homo
865 1154 1095 1209 accedat,
1121 1157 1207 1217 qui
1233 1155 1297 1201 de
1323 1158 1510 1201 sanctis
1533 1154 1672 1201 libris
1696 1162 1805 1201 tam

288 1234 464 1273 sancte
499 1234 551 1273 et
585 1232 834 1274 veraciter
867 1232 1148 1285 existimet,
1180 1237 1238 1276 ut
1269 1229 1397 1277 nolit
1429 1230 1599 1293 aliqua
1630 1247 1806 1277 eorum

286 1310 434 1364 parte
467 1302 713 1349 delectari
743 1321 836 1366 per
866 1305 1084 1351 officiosa
1115 1306 1401 1362 mendacia,
1431 1310 1706 1370 potiusque
1735 1306 1807 1362 id,

288 1378 426 1440 quod
458 1396 559 1424 non
590 1378 867 1443 intellegit,
898 1387 1147 1437 transeat,
1181 1398 1335 1444 quam
1367 1399 1451 1428 cor
1482 1399 1630 1428 suum
1660 1398 1809 1445 prae-

286 1451 421 1499 ferat
439 1453 509 1499 illi
535 1457 758 1501 veritati.
829 1454 1066 1502 Profecto
1093 1460 1228 1502 enim
1255 1474 1370 1503 cum
1389 1456 1483 1503 hoc
1508 1457 1650 1513 dicit,
1668 1457 1804 1504 credi

287 1530 382 1575 sibi
424 1533 627 1592 expetit
667 1537 721 1576 et
759 1531 812 1577 id
851 1534 977 1594 agit,
1017 1539 1076 1578 ut
1115 1532 1400 1579 divinarum
1429 1536 1803 1596 'scripturarum

287 1607 681 1652 auctoritatibus
707 1623 809 1652 non
833 1608 1116 1653 credamus.

350 1680 419 1726 Et
479 1697 574 1744 ego
635 1682 843 1744 quidem
909 1682 1366 1746 qualibuscumque
1431 1684 1619 1730 viribus
1679 1700 1805 1747 quas

286 1755 519 1801 dominus
539 1760 788 1819 suggerit,
808 1761 976 1802 onmia
996 1757 1080 1802 illa
1106 1761 1402 1804 testimonia
1422 1775 1554 1821 quae
1575 1757 1805 1805 adhibita

285 1838 404 1877 sunt
441 1832 786 1878 adstruendae
824 1832 1036 1879 utilitati
1073 1834 1344 1889 mendacii,
1382 1833 1530 1880 aliter
1565 1841 1803 1897 oportere

285 1906 517 1971 intellegi
548 1908 894 1964 ostenderem,
925 1916 982 1955 ut
1014 1910 1203 1972 ubique
1236 1926 1411 1956 eorum
1442 1909 1587 1955 firma
1615 1914 1805 1957 veritas

286 1983 572 2029 doceretur.
644 1983 811 2042 Quam
859 1988 994 2030 enim
1039 1988 1335 2031 testimonia
1379 1986 1649 2032 mendacia
1692 2003 1803 2032 esse

286 2076 387 2104 non
424 2059 636 2115 debent,
661 2067 768 2106 tam
795 2078 897 2106 non
922 2061 1117 2107 debent
1152 2060 1325 2107 favere
1350 2062 1633 2109 mendacio.
1702 2061 1804 2109 Sed

284 2133 379 2180 hoc
435 2135 828 2199 intellegentiae
885 2136 1117 2199 relinquo
1173 2144 1311 2183 tuae.
1382 2138 1610 2184 Admota
1667 2141 1802 2184 enim

284 2209 490 2256 lectioni
521 2210 844 2274 diligentiore
871 2212 1296 2268 consideratione,
1323 2212 1485 2259 multo
1509 2213 1562 2259 id
1586 2211 1802 2260 fortasse

284 2284 479 2331 facilius
526 2287 722 2333 videbis
771 2304 925 2350 quam
973 2304 1085 2351 ego.
1156 2288 1240 2334 Ad
1285 2287 1416 2334 hanc
1463 2295 1639 2334 autem
1685 2306 1802 2335 con-

284 2361 648 2407 siderationem
673 2369 825 2425 coget
851 2369 903 2408 te
929 2366 1114 2424 pietas,
1140 2379 1241 2426 qua
1266 2367 1526 2426 cognoscis
1551 2363 1800 2410 fluctuare

285 2440 647 2483 auctoritatem
673 2438 955 2484 divinarum
987 2441 1369 2501 scripturarum,
1394 2445 1451 2485 ut
1480 2442 1531 2484 in
1562 2442 1634 2485 eis
1664 2439 1801 2502 quod

817 2570 834 2587 ‘¹
876 2568 885 2604 1
918 2564 1017 2605 Cor.
1042 2579 1109 2605 xv.
1140 2569 1279 2606 14-15.

290 2627 354 2675 64
