1866 2964
733 182 824 230 ST.
863 182 1272 232 AUGUSTINE

250 332 350 362 non
386 331 440 362 se
478 315 666 362 dixisse
703 319 944 395 quoniam
980 318 1271 362 inveniatur
1300 319 1411 379 quis
1442 317 1506 363 ab
1542 315 1761 364 infantia

248 399 410 446 usque
431 383 496 430 ad
515 390 838 430 senectutem
859 386 945 447 qui
963 401 1065 430 non
1083 387 1390 464 peccaverit,
1409 384 1501 431 sed
1520 387 1760 447 quoniam

250 468 278 496 a
321 454 545 513 peccatis
590 468 860 498 conversus
903 450 1077 498 labore
1120 455 1324 514 proprio
1369 458 1423 498 et
1465 456 1633 516 gratia
1676 452 1760 511 dei

249 519 454 565 adiutus
478 526 651 581 potest
675 520 868 582 absque
892 526 1105 582 peccato
1130 536 1256 566 esse.
1327 519 1457 566 Cum
1481 523 1616 567 enim
1639 509 1763 567 dicit

250 585 333 632 “a
369 590 593 666 peccatis
631 604 757 633 conv
762 604 919 642 ersus,
927 586 955 602 ”
993 587 1221 634 ostendit
1256 590 1478 649 priorem
1514 591 1674 634 vitam
1709 590 1762 634 in

249 657 472 717 peccatis
511 657 609 718 agi.
681 655 930 702 Fateatur
962 671 1083 719 ergo
1123 655 1260 718 quod
1289 659 1580 717 peccaverit
1611 654 1762 711 Abel,

250 725 389 769 cuius
425 725 589 785 prima
623 725 730 769 vita
765 722 864 769 fuit
897 726 951 769 in
985 722 1205 779 saeculo,
1242 740 1397 786 quam
1431 721 1628 770 fatetur
1661 739 1764 770 non

250 806 423 836 carere
458 793 701 852 peccatis,
739 798 792 837 et
825 794 1066 853 respiciat
1100 790 1286 837 librum
1322 807 1488 847 suum,
1523 791 1611 838 ubi
1648 807 1765 837 eum

251 858 438 905 dixisse
471 865 674 905 constat
712 858 849 922 quod
882 862 954 905 ait
989 862 1043 905 in
1077 857 1173 905 hac
1210 857 1545 906 defensione:
1597 857 1626 875 “
1652 858 1767 906 Non

252 924 527 973 diximus.'’
1420 948 1423 950 >

178 1001 229 1039 10
319 993 369 1040 Si
394 1001 570 1040 autem
594 1001 647 1041 et
669 993 804 1041 hunc
825 994 1011 1041 librum
1034 994 1114 1041 vel
1135 993 1270 1041 hunc
1292 997 1345 1041 in
1368 1010 1428 1041 eo
1450 994 1578 1041 libro
1599 993 1767 1041 locum

256 1079 366 1109 esse
414 1066 682 1126 negaverit
730 1080 895 1118 suum,
945 1080 1040 1127 ego
1089 1063 1298 1126 quidem
1344 1063 1554 1110 idoneos
1601 1069 1764 1109 testes

254 1129 420 1177 habeo
460 1129 702 1177 honestos
744 1138 797 1178 et
837 1131 1012 1178 fideles
1052 1134 1182 1178 viros
1224 1138 1278 1177 et
1317 1134 1424 1178 eius
1464 1134 1572 1178 sine
1612 1131 1767 1178 dubio

254 1198 542 1255 dilectores,
571 1200 753 1262 quibus
786 1200 1166 1247 adtestantibus
1203 1215 1424 1263 purgare
1449 1215 1533 1245 me
1559 1215 1767 1261 possum

254 1267 391 1329 quod
429 1267 651 1314 eundem
689 1266 873 1314 librum
909 1270 1004 1330 ipsi
1040 1266 1163 1314 mihi
1201 1267 1440 1314 dederint
1478 1274 1532 1314 et
1567 1267 1637 1314 ibi
1673 1265 1769 1313 hoc

252 1333 455 1398 legatur
486 1352 707 1399 eumque
737 1335 932 1399 Pelagii
963 1352 1073 1383 esse
1103 1335 1345 1391 dixerint,
1373 1342 1433 1382 ut
1462 1334 1647 1382 saltem
1674 1333 1771 1381 hoc

252 1402 375 1449 mihi
407 1403 637 1459 sufficiat,
667 1420 733 1450 ne
764 1404 902 1451 dicat
933 1421 962 1450 a
991 1421 1074 1450 me
1105 1402 1260 1450 fuisse
1292 1406 1396 1450 sive
1426 1406 1769 1466 conscriptum

256 1474 359 1517 sive
402 1469 659 1518 falsatum.
732 1471 842 1518 Iam
889 1475 1024 1519 inter
1071 1471 1181 1518 illos
1231 1471 1390 1535 eligat
1431 1475 1646 1535 quisque
1688 1473 1768 1517 cui

256 1540 448 1586 credat.
521 1540 702 1587 Meum
730 1558 833 1587 non
862 1548 940 1587 est
969 1541 1033 1588 de
1061 1539 1156 1586 hac
1183 1557 1238 1586 re
1268 1540 1458 1586 diutius
1487 1539 1766 1602 disputare.

255 1607 531 1671 Rogamus,
573 1615 632 1655 ut
682 1615 822 1655 certe
865 1611 1186 1655 transmittas
1235 1608 1348 1663 sibi,
1391 1611 1451 1654 sil
1501 1610 1769 1671 negaverit

257 1692 310 1722 se
347 1679 445 1722 ista
484 1679 692 1732 sentire,
731 1693 862 1740 quae
899 1676 970 1722 illi
1007 1677 1296 1723 obiciuntur
1331 1678 1535 1722 inimica
1571 1678 1769 1739 gratiae

258 1742 460 1790 Christi.
529 1744 656 1790 Tam
695 1748 885 1807 quippe
925 1751 1105 1807 aperta
1143 1751 1222 1791 est
1261 1747 1368 1790 eius
1406 1742 1655 1799 defensio,
1693 1750 1769 1798 ut,

257 1815 296 1858 si
325 1819 547 1858 vestram
576 1820 805 1859 sanctam
832 1813 1178 1875 prudentiam,
1207 1815 1292 1875 qui
1322 1815 1428 1859 eius
1457 1811 1556 1858 alia
1582 1814 1771 1874 scripta

257 1897 358 1926 non
403 1884 580 1937 nostis,
625 1880 764 1927 nulla
807 1882 1077 1928 verborum
1124 1881 1464 1944 ambiguitate
1508 1877 1769 1935 fefellerit,

308 1968 318 1991 ¹
355 1969 390 2008 T
391 1970 439 2008 he
459 1968 743 2010 Benedictine
765 1970 931 2009 edition
955 1969 1051 2009 here
1075 1969 1204 2009 reads
1223 1969 1501 2008 transmittas
1523 1969 1607 2019 ipsi
1627 1968 1678 2014 si,
1701 1967 1770 2006 the

253 2025 567 2075 manuscripts,
591 2029 670 2063 two
692 2024 744 2076 of
766 2024 833 2064 tle
852 2024 1056 2076 fifteenth
1088 2028 1283 2075 century,
1304 2024 1583 2063 transmittas
1603 2021 1688 2062 sibi
1717 2022 1768 2062 si.

257 2077 525 2117 Goldbacher
544 2078 693 2118 marks
725 2093 751 2118 a
784 2078 959 2125 lacuna,
979 2078 1113 2118 which
1147 2078 1184 2117 ἱ3
1216 2077 1377 2129 hardly
1396 2090 1655 2129 necessary;
1683 2075 1769 2116 sibi

252 2133 289 2172 is
307 2132 520 2184 probably
541 2147 567 2172 a
589 2133 847 2184 corruption
869 2132 921 2185 of
937 2109 999 2172 illi
1020 2146 1070 2172 or
1091 2133 1144 2172 ei.

309 2239 451 2279 “The
480 2241 718 2292 reasoning
747 2239 850 2279 here
891 2241 924 2280 is
965 2254 991 2279 a
1025 2238 1136 2279 little
1168 2237 1387 2279 involved.
1447 2238 1653 2302 Pelagius
1688 2237 1768 2278 has

254 2293 364 2334 been
396 2296 548 2346 trying
586 2298 632 2334 to
666 2307 801 2346 prove
841 2294 914 2334 the
954 2294 1211 2334 sinlessness
1242 2294 1293 2333 of
1327 2292 1457 2340 Abel,
1488 2295 1531 2332 in
1564 2292 1694 2333 order
1722 2295 1769 2332 to

248 2348 411 2400 justify
432 2349 499 2388 his
520 2362 617 2388 own
640 2348 791 2389 denia]
813 2350 863 2388 of
882 2349 957 2389 the
981 2349 1290 2389 transmission
1312 2348 1363 2387 of
1378 2346 1568 2400 original
1591 2348 1656 2387 sin
1679 2345 1768 2387 and

256 2403 323 2443 his
344 2402 501 2455 theory
521 2403 619 2443 that
634 2417 744 2443 even
761 2403 911 2443 before
929 2403 1077 2444 Christ
1092 2402 1214 2442 there
1237 2401 1326 2442 had
1348 2402 1460 2442 been
1476 2401 1630 2442 sinless
1649 2400 1768 2441 lives.

256 2458 509 2507 Augustine
548 2457 653 2497 asks
694 2458 732 2497 if
766 2457 820 2498 he
849 2457 938 2497 will
978 2459 1196 2497 maintain
1234 2456 1334 2496 that
1367 2455 1498 2504 Abel,
1528 2455 1676 2496 whom
1715 2454 1771 2495 he

261 2511 457 2552 declares
478 2516 524 2551 to
546 2512 657 2552 have
677 2511 937 2552 committed
969 2525 1027 2551 no
1056 2514 1139 2559 sin,
1163 2513 1197 2551 is
1227 2511 1446 2550 therefore
1466 2514 1513 2550 to
1533 2510 1588 2550 be
1609 2513 1691 2561 put
1711 2522 1769 2549 on

257 2580 284 2606 a
304 2565 413 2606 level
434 2567 540 2607 with
563 2567 737 2607 Christ·
727 2583 738 2613 ς
769 2568 1001 2618 assuming
1023 2566 1231 2618 Pelagius
1247 2564 1336 2605 will
1356 2564 1517 2617 hardly
1536 2577 1595 2618 go
1615 2576 1664 2604 so
1684 2564 1771 2612 far,

271 2636 365 2677 320
