1866 2964
765 206 856 255 ST.
895 205 1305 255 AUGUSTINE

281 349 322 388 te
373 339 687 406 ipsum—hoc
742 347 820 387 est
874 343 1009 387 enim
1062 341 1293 396 verbum,
1347 339 1485 403 quod
1541 339 1792 386 breviavit

280 410 513 457 dominus
552 425 703 471 super
739 416 931 455 terram
969 409 1140 455 dicens
1177 412 1229 454 in
1267 407 1567 471 evangelio:
1622 406 1682 453 In
1717 406 1792 453 his

278 477 456 524 duobus
479 476 743 541 praeceptis
771 483 865 523 tota
896 476 968 523 lex
990 475 1161 540 pendet
1196 483 1239 522 et
1267 476 1660 540 prophetae,——-in
1695 473 1790 525 hac

280 562 401 610 ergo
446 544 719 592 dilectione
764 545 951 592 cotidie
995 544 1183 607 profice
1229 552 1283 591 et
1326 544 1517 591 orando
1562 550 1615 590 et
1658 543 1792 589 bene

279 614 498 677 agendo,
537 620 595 659 ut
632 616 741 675 ipso
782 613 1075 668 adiuvante,
1115 615 1201 676 qui
1243 612 1338 658 tibi
1378 628 1491 658 eam
1528 613 1794 674 praecepit

279 689 436 745 atque
475 682 702 736 donavit,
739 684 997 727 nutriatur
1034 687 1088 726 et
1124 687 1336 736 crescat,
1374 680 1536 727 donec
1571 677 1699 725 haee
1734 685 1789 725 te

276 748 507 813 perfecta
533 749 780 812 perficiat.
853 748 971 811 Ipsa
998 755 1076 795 est
1104 751 1239 794 enim
1265 747 1457 804 caritas,
1485 763 1635 811 quae,
1662 749 1793 793 sicut

278 819 400 865 dicit
451 816 727 880 apostolus,
775 815 953 880 dg'ffusa
1000 823 1067 863 est
1119 816 1167 862 in
1220 815 1436 862 cordibus
1488 814 1660 862 nostris
1705 831 1794 878 per

277 885 489 950 spiritum
515 892 742 940 sanctum,
770 884 850 949 qui
875 884 1014 931 datus
1039 891 1105 930 est
1130 883 1297 941 nobis,
1286 900 1296 910 ·
1340 887 1451 948 ipsa
1477 890 1573 939 est,
1599 883 1664 930 de
1691 899 1794 946 qua

276 958 403 1000 item
452 955 611 1000 dicit.
674 952 919 999 Plenitudo
971 951 1087 1016 legis
1128 952 1338 1008 caritas3
1402 955 1513 1014 ipsa
1555 957 1652 1007 est,
1699 967 1792 1014 per

278 1039 431 1085 quam
487 1021 612 1068 fides
667 1028 926 1096 operatur,
968 1021 1104 1067 unde
1158 1024 1346 1067 iterum
1401 1021 1559 1067 dicit:
1624 1018 1792 1083 Neque

275 1089 562 1137 circumcisio
597 1088 843 1154 quicquam
880 1088 1001 1135 valet
1035 1105 1180 1153 neque
1208 1087 1506 1153 praeputium
1541 1086 1624 1134 sed
1639 1086 1790 1151 fides,

277 1175 399 1223 quae
416 1175 504 1221 per
527 1157 813 1204 dilectionem
839 1174 948 1221 oper
951 1163 1071 1203 atur

342 1226 402 1272 In
426 1225 519 1272 hac
544 1242 720 1272 omnes
745 1229 906 1272 sancti
931 1232 1047 1287 patr
1052 1241 1104 1271 05
1128 1227 1287 1271 nostri
1313 1231 1366 1271 et
1389 1220 1710 1287 patriarchae
1736 1228 1790 1269 et

274 1293 558 1373 prophetae
587 1301 640 1340 et
668 1292 882 1356 apostoli
908 1292 1211 1355 placuerunt
1238 1293 1371 1348 deo;
1414 1295 1467 1338 in
1491 1290 1586 1338 hac
1612 1307 1789 1338 omnes

275 1366 380 1408 veri
410 1369 663 1425 martyres
696 1378 857 1425 usque
891 1362 955 1408 ad
986 1364 1289 1424 sanguinem
1320 1367 1498 1407 contra
1528 1358 1788 1406 diabolum

275 1437 604 1477 certaverunt
634 1436 704 1485 et,
735 1433 854 1493 quia
881 1432 933 1475 in
963 1432 1034 1475 eis
1062 1446 1165 1476 non
1191 1427 1427 1492 refriguit
1454 1444 1550 1474 nec
1578 1426 1786 1483 defecit,

274 1499 389 1546 ideo
434 1501 700 1553 vicerunt3
762 1501 814 1544 in
857 1495 951 1543 hac
996 1513 1171 1544 omnes
1215 1498 1335 1544 boni
1380 1495 1555 1543 fideles
1599 1495 1787 1542 cotidie

272 1567 560 1629 proficiunt,
621 1569 887 1628 pervenire
945 1568 1212 1628 cupientes
1277 1582 1380 1611 non
1446 1564 1512 1612 ad
1567 1580 1784 1628 regnum

272 1634 582 1689 mortalium,
621 1634 712 1680 sed
748 1634 813 1680 ad
849 1650 1065 1696 regnum
1102 1632 1375 1688 caelorum,
1413 1649 1514 1679 non
1551 1632 1617 1679 ad
1652 1638 1784 1679 tem-

272 1702 518 1766 poralem,
549 1702 641 1749 sed
680 1702 744 1748 ad
782 1705 1150 1764 sempiternam
1187 1699 1551 1756 hereditatem,
1580 1717 1683 1746 non
1717 1700 1783 1746 ad

274 1788 453 1817 aurum
492 1777 545 1816 et
583 1777 872 1833 argentum,
911 1770 1002 1816 sed
1039 1770 1104 1816 ad
1140 1769 1341 1816 divitias
1371 1767 1779 1831 incorruptibiles

275 1838 589 1902 angelorum,
635 1855 736 1884 non
784 1838 848 1885 ad
895 1836 1064 1900 aliqua
1108 1837 1243 1883 bona
1287 1836 1435 1883 huius
1481 1835 1686 1892 saeculi,
1730 1838 1783 1881 in

274 1907 456 1970 quibus
490 1923 605 1952 cum
638 1909 821 1952 timore
855 1908 1055 1952 vivatur
1087 1921 1181 1952 nec
1215 1921 1276 1951 ea
1309 1907 1578 1968 quisquam
1609 1920 1783 1951 secum

273 1982 446 2038 potest
471 1973 669 2020 auferre
694 1974 817 2021 dum
841 1977 1071 2029 moritur,
1095 1973 1185 2020 sed
1209 1973 1274 2020 ad
1296 1973 1572 2020 videndum
1595 1972 1749 2019 deum
1769 1987 1781 2028 ;

275 2046 415 2089 cuius
468 2045 692 2088 suavitas
742 2049 796 2088 et
843 2040 1120 2088 delectatio
1172 2041 1378 2088 excedit
1428 2056 1632 2087 omnem
1679 2056 1781 2086 non

274 2111 434 2157 solum
452 2113 788 2165 terrestrium,
806 2125 982 2156 verum
1010 2112 1167 2155 etiam
1192 2107 1489 2155 caelestium
1515 2124 1781 2171 corporum

272 2177 722 2242 pulchritudinem,
757 2177 961 2224 excedit
992 2193 1197 2224 omnem
1229 2177 1462 2224 decorem
1498 2179 1781 2223 animarum

274 2254 525 2310 quantum
565 2245 693 2292 libet
734 2249 983 2292 iustarum
1026 2252 1183 2308 atque
1225 2251 1534 2300 sanctarum,
1577 2244 1781 2292 excedit

273 2331 477 2361 omnem
505 2316 727 2376 speciem
755 2329 1088 2375 supernorum
1117 2311 1412 2376 angelorum
1441 2318 1598 2375 atque
1625 2315 1782 2359 virtu-

272 2390 401 2437 tum,
449 2382 653 2428 excedit
699 2381 939 2444 quicquid
986 2381 1049 2427 de
1095 2380 1179 2427 illo
1224 2397 1325 2427 non
1371 2379 1532 2427 solum
1578 2380 1780 2436 dicitur,

335 2496 351 2513 ‘²
388 2489 517 2530 Luke
538 2503 578 2530 x.
601 2491 672 2537 27,
693 2492 776 2530 etc.
896 2490 911 2514 ὸ
948 2488 1079 2529 Matt.
1102 2490 1203 2529 xxii.
1227 2491 1296 2530 40.
1417 2494 1432 2513 ⁰
1465 2488 1595 2529 Rom.
1617 2503 1659 2530 v.
1682 2491 1723 2530 5.

334 2545 351 2568 ‘²
387 2542 1154 2644 &attat-12fleta-122⁶·
1306 2543 1719 2639 ‘M

273 2669 370 2711 324
