1866 2964
713 131 805 178 ST.
843 130 1206 178 AUGUSTIN
1210 130 1253 176 E

223 268 288 314 de
312 267 650 328 Hipponiensi
674 264 738 311 ad
759 264 1001 310 iudicium
1023 279 1114 325 pro
1135 261 1283 309 factis
1307 279 1483 309 eorum
1503 261 1739 324 publicae

223 351 518 414 disciplinae
549 367 667 397 cura
699 349 1004 404 deduxerat,
1036 365 1065 393 a
1094 355 1185 395 tua
1214 346 1484 394 nobilitate
1515 350 1739 409 comperi

224 438 423 484 auditos
469 443 522 482 et
564 435 806 497 plurimos
856 450 1031 480 eorum
1081 433 1145 480 de
1193 431 1465 479 homicidio
1508 432 1646 496 quod
1686 435 1739 482 in

223 523 561 578 Restitutum,
599 520 905 568 catholicum
941 520 1321 583 presbyterum,
1357 521 1739 575 commiserunt,

225 616 278 656 et
308 609 372 655 de
404 607 561 655 caede
594 607 898 660 Innocentii,
930 604 1138 651 alterius
1169 603 1404 651 catholici
1432 604 1739 668 presbyteri,

225 702 381 757 atque
415 693 479 739 de
513 691 657 738 oculo
691 695 797 737 eius
832 688 1010 736 effosso
1038 697 1091 736 et
1123 689 1286 752 digito
1315 692 1562 751 praeciso,
1585 687 1741 735 fuisse

224 779 494 826 confessos,
567 777 720 824 Unde
767 775 891 822 mihi
939 775 1224 822 sollicitudo
1270 779 1497 821 maxima
1542 778 1742 822 incussa

226 874 321 922 est,
350 882 415 912 ne
444 864 577 911 forte
606 863 890 911 sublimitas
920 870 1011 909 tua
1039 869 1249 909 censeat
1279 878 1363 908 eos
1392 868 1541 908 tanta
1567 861 1741 925 legum

225 954 502 998 severitate
567 948 885 1012 plectendos,
951 954 1010 994 ut
1075 947 1245 1010 qualia
1306 945 1559 1003 fecerunt,
1617 946 1742 993 talia

224 1042 503 1101 patiantur.
576 1036 804 1097 Ideoque
830 1033 905 1080 his
932 1034 1116 1080 litteris
1143 1034 1374 1080 obtestor
1399 1032 1554 1080 fidem
1579 1041 1742 1089 tuam,

225 1141 379 1188 quam
422 1122 581 1170 habes
625 1126 677 1168 in
722 1119 940 1176 Christo,
984 1136 1076 1182 per
1119 1123 1274 1182 ipsius
1319 1119 1511 1166 domini
1555 1118 1743 1168 Christi

223 1208 641 1264 misericordiam,
683 1214 742 1253 ut
782 1205 877 1252 hoc
918 1222 1013 1252 nec
1053 1204 1209 1252 facias
1250 1222 1345 1251 nec
1387 1205 1495 1252 fieri
1537 1208 1742 1252 omnino

223 1298 510 1358 permittas.
582 1292 828 1351 Quamvis
874 1294 1010 1337 enim
1055 1291 1120 1336 ab
1166 1307 1342 1337 eorum
1385 1293 1599 1338 interitu
1643 1290 1742 1337 dis-

225 1380 462 1427 simulare
491 1393 777 1441 possumus,
807 1379 893 1439 qui
922 1392 1024 1422 non
1053 1376 1408 1422 accusantibus
1437 1378 1621 1422 nostris
1650 1376 1742 1423 sed

223 1466 423 1512 illorum
475 1466 690 1518 notoria,
744 1461 809 1508 ad
861 1477 987 1524 quos
1039 1460 1265 1508 tuendae
1316 1460 1552 1523 publicae
1602 1464 1741 1523 pacis

223 1551 487 1616 vigilantia
547 1548 861 1612 pertinebat,
916 1550 1235 1609 praesentati
1296 1547 1567 1595 videantur
1623 1564 1742 1595 exa-

224 1642 365 1694 mini,
399 1637 633 1684 nolumus
671 1642 848 1682 tamen
883 1638 1144 1697 passiones
1182 1650 1442 1680 servorum
1476 1634 1559 1681 dei
1596 1637 1742 1698 quasi

225 1728 334 1771 vice
381 1722 582 1770 talionis
628 1721 834 1783 paribus
883 1718 1138 1782 suppliciis
1185 1719 1446 1776 vindicari,
1491 1736 1594 1766 non
1641 1737 1741 1784 quo

225 1809 451 1857 scelestis
476 1807 764 1854 hominibus
789 1805 1050 1851 licentiam
1074 1803 1355 1851 facinorum
1380 1804 1741 1868 prohibeamus

226 1895 430 1951 auferri,
464 1894 556 1941 sed
589 1892 683 1939 hoc
718 1894 881 1955 magis
917 1891 1145 1938 sufficere
1180 1890 1428 1948 volumus,
1463 1899 1521 1938 ut
1555 1895 1653 1938 vivi
1689 1899 1743 1939 et

226 1982 363 2028 nulla
410 1982 629 2042 corporis
677 1985 825 2040 parte
874 1980 1098 2024 truncati
1145 1976 1226 2023 vel
1274 1977 1337 2024 ab
1385 1978 1741 2041 inquietudine

225 2073 403 2115 insana
444 2066 509 2113 ad
550 2067 783 2111 sanitatis
825 2067 987 2110 otium
1027 2063 1201 2126 legum
1243 2062 1584 2111 cohercitione
1625 2064 1742 2111 diri-

225 2161 413 2217 gantur
462 2151 542 2198 vel
592 2167 620 2196 a
669 2149 903 2212 malignis
954 2149 1192 2211 operibus
1243 2149 1390 2195 alicui
1440 2150 1552 2197 utili
1601 2153 1742 2213 operi

228 2241 559 2302 deputentur.
631 2236 854 2282 Vocatur
885 2235 1093 2298 quidem
1126 2241 1179 2281 et
1208 2237 1307 2282 ista
1337 2235 1618 2292 damnatio,
1649 2237 1741 2284 sed

227 2329 336 2389 quis
356 2341 455 2370 non
473 2322 744 2385 intellegat
762 2324 923 2384 magis
942 2320 1247 2367 beneficium
1266 2338 1419 2384 quam
1438 2322 1741 2385 supplicium

228 2409 646 2472 nuncupandum,
684 2408 771 2453 ubi
808 2423 902 2452 nec
938 2406 1198 2453 saeviendi
1233 2407 1493 2454 relaxetur
1529 2408 1742 2456 audacia

226 2513 319 2543 ncc
344 2494 642 2558 paenitendi
668 2492 921 2540 medicina
945 2490 1277 2540 subtrahatur
1300 2492 1318 2539 ?

233 2581 328 2623 252
