1866 2964
232 1891 250 1928 l

758 187 849 236 ST.
888 188 1296 236 AUGUSTINE

269 337 361 385 per
388 321 603 368 fratrem
632 320 877 368 Severum
905 324 1153 384 rescripta
1181 320 1531 384 flagitaremus
1558 327 1669 368 tam
1696 320 1784 368 diu

268 398 378 437 tam
407 391 705 437 ardentibus
734 391 878 436 nobis
909 406 936 435 a
965 397 1135 436 vestra
1163 393 1380 435 caritate
1408 407 1511 436 non
1537 389 1783 436 reddita?

270 458 408 517 Quid
428 465 522 513 est,
545 461 631 521 qui
651 458 776 504 duas
798 464 1024 504 aestates
1046 458 1358 520 easdemque
1377 460 1431 503 in
1449 456 1624 504 Africa
1642 460 1784 509 sitire

269 543 512 589 cogamur
535 527 552 571 ἓ
623 525 760 584 Quid
785 525 1000 588 amplius
1025 526 1191 572 dicam
1216 526 1233 571 ?
1303 525 1348 572 Ο
1374 528 1461 588 qui
1483 542 1564 571 res
1589 532 1784 572 vestras

269 595 456 640 cotidie
499 594 720 649 donatis,
763 594 997 640 debitum
1038 594 1258 640 reddite.
1327 594 1412 639 An
1452 591 1605 649 forte,
1647 593 1786 656 quod

270 662 511 708 adversus
551 660 926 708 daemonicolas
966 668 1021 707 te
1061 662 1282 707 scribere
1323 661 1586 708 audieram
1626 668 1784 724 atque

269 731 321 776 id
339 747 464 792 opus
484 728 819 775 vehementer
837 729 1128 776 desiderare
1146 745 1229 774 me
1247 729 1594 785 ostenderam,
1610 728 1785 775 volens

270 798 516 860 perficere
549 814 605 844 ac
635 801 845 843 mittere
876 804 1026 843 tanto
1056 804 1291 859 tempore
1323 797 1390 843 ad
1418 814 1508 843 nos
1541 795 1786 859 epistulas

271 865 513 912 distulisti
537 866 554 911 ?
625 865 840 911 Utinam
877 864 1061 910 saltem
1102 872 1212 911 tam
1255 868 1425 927 opima
1465 881 1644 911 mensa
1682 867 1785 911 iam

271 950 519 979 annosum
537 934 599 979 ab
617 932 732 979 stilo
748 940 839 979 tuo
854 936 1100 979 ieiunium
1116 949 1289 978 meum
1305 933 1519 979 tandem
1535 935 1751 998 accipias
1775 933 1786 979 l

271 1001 417 1060 Quae
439 1004 480 1047 si
504 1002 732 1048 nondum
756 1008 939 1063 parata
965 1008 1062 1056 est,
1082 1018 1184 1047 non
1210 1001 1501 1047 desinemus
1526 1003 1787 1065 conqueri,

271 1073 311 1116 si
336 1086 444 1124 nos,
470 1069 592 1115 dum
615 1068 741 1115 illud
764 1069 982 1131 perficis,
1006 1085 1108 1115 non
1130 1071 1339 1114 interim
1360 1069 1541 1115 reficis.

335 1136 569 1183 Salutate
614 1136 818 1192 fratres,
861 1139 1086 1183 maxime
1132 1136 1420 1183 Romanum
1465 1144 1519 1183 et
1563 1135 1785 1200 Agilem.

272 1204 423 1260 Hinc,
443 1208 530 1268 qui
550 1206 814 1251 nobiscum
834 1211 971 1260 sunt,
991 1221 1078 1251 vos
1099 1203 1327 1252 salutant
1348 1212 1402 1252 et
1419 1221 1602 1268 parum
1620 1205 1790 1251 nobis-

272 1290 387 1319 cum
409 1276 715 1329 irascuntur,
739 1276 779 1320 si
802 1289 984 1336 parum
1008 1272 1246 1338 diligunt.

756 1403 850 1450 No.
881 1408 937 1450 15
964 1403 1355 1467 (Ep.XLV111)

276 1511 536 1554 DOMINO
578 1511 849 1553 DILECTO
890 1512 967 1552 ET
1006 1511 1515 1554 EXOPTATISSIMO
1556 1513 1785 1554 FRATRI

398 1577 474 1618 ET
545 1576 1089 1618 CONPRESBYTERO
1164 1576 1454 1618 EUDOXIO
1530 1578 1608 1618 ET
1673 1577 1785 1628 QUI

396 1642 613 1683 TECUM
658 1642 824 1682 SUNT
864 1642 1220 1683 FRATRIBUS
1260 1642 1671 1684 AUGUSTINUS
1711 1643 1788 1683 ET

396 1706 508 1757 QUI
572 1707 803 1747 MECL'M
861 1706 1027 1747 SUNT
1077 1706 1359 1748 FRATRES
1410 1707 1477 1748 IN
1527 1707 1787 1750 DOMINO

405 1771 705 1812 SALUTEM

343 1879 561 1938 Quando
586 1882 816 1943 quietem
840 1886 1063 1926 vestram
1087 1883 1390 1943 cogitamus,
1413 1897 1567 1944 quam
1589 1879 1792 1928 habetis

279 1951 332 1994 in
373 1947 593 2004 Christo,
635 1951 794 1994 etiam
834 1964 943 2004 nos,
985 1951 1214 2011 quamvis
1254 1952 1307 1994 in
1346 1947 1602 1996 laboribus
1642 1953 1791 1996 variis

278 2019 572 2079 asperisque
596 2032 874 2071 versemur,
897 2019 950 2061 in
973 2023 1143 2062 vestra
1167 2019 1383 2063 caritate
1406 2021 1788 2080 requiescimus.

343 2140 362 2158 ‘²
395 2133 625 2174 Eudoxius
652 2147 742 2174 was
769 2134 908 2174 abbot
934 2135 984 2174 of
1005 2134 1080 2175 the
1107 2139 1364 2187 monastery
1389 2149 1447 2176 on
1472 2136 1548 2177 the
1574 2135 1718 2177 island
1745 2138 1796 2177 of

286 2189 516 2241 Capraria,
534 2202 632 2228 now
655 2189 861 2241 Capraja,
883 2189 1081 2229 between
1103 2190 1281 2229 Corsica
1301 2190 1391 2230 and
1407 2190 1630 2242 Tuscany,
1645 2191 1790 2232 which

286 2243 362 2284 lies
391 2244 529 2295 thirty
552 2243 675 2284 miles
705 2257 847 2295 away.
911 2243 961 2283 In
993 2247 1092 2291 398,
1115 2245 1231 2284 after
1262 2244 1435 2286 Gildo's
1466 2245 1693 2294 rebellion‚
1714 2247 1789 2286 the

289 2298 465 2338 Roman
502 2300 701 2349 punitive
740 2299 860 2338 force
899 2297 1147 2338 embarked
1186 2303 1232 2338 at
1273 2299 1375 2339 Pisa
1414 2299 1502 2340 and
1539 2304 1621 2352 put
1659 2303 1702 2340 in
1743 2305 1790 2340 at

287 2353 483 2405 Cagliari
523 2355 567 2392 in
607 2351 841 2398 Sardinia3
884 2354 938 2392 its
978 2352 1141 2401 leader,
1182 2352 1355 2394 Gildo's
1394 2354 1588 2403 brother,
1627 2355 1788 2395 visited

287 2407 503 2458 Capraria
533 2407 622 2447 and
658 2406 767 2447 took
797 2420 855 2446 on
895 2407 1036 2447 board
1076 2420 1198 2447 some
1229 2407 1407 2456 monks,
1438 2409 1538 2448 who
1567 2409 1789 2461 probably

288 2461 483 2513 brought
503 2475 529 2501 a
550 2461 678 2501 letter
699 2466 744 2501 to
761 2462 1014 2513 Augustine
1036 2461 1125 2501 and
1148 2476 1260 2502 were
1281 2476 1381 2502 now
1396 2467 1443 2502 to
1458 2462 1565 2503 take
1583 2463 1700 2504 back
1721 2464 1788 2504 his

280 2515 405 2567 reply
440 2516 515 2568 (cf.
552 2515 788 2564 Claudian,
823 2516 937 2557 Bell.
976 2517 1098 2557 (fild.
1134 2519 1350 2565 415-424;
1395 2517 1524 2558 Oros.
1562 2518 1682 2559 Hist.
1713 2520 1790 2560 vii.

282 2573 352 2611 36.
376 2575 436 2622 5).

294 2641 388 2681 llO
