1866 2964
365 734 417 787 S.
460 734 754 786 AURELI
795 734 1222 785 AUGUSTINI
1260 732 1688 784 EPISTULAE

809 872 904 919 No.
934 878 954 919 1
985 872 1101 936 (Ep.
1129 871 1202 931 II)

652 992 928 1034 ZENOBIO
961 992 1370 1034 AUGUSTINUS

346 1091 486 1138 Bene
522 1095 658 1138 inter
693 1109 783 1137 nos
819 1095 1076 1148 convenit,
1111 1098 1169 1138 ut
1205 1095 1400 1154 opinor,
1435 1093 1622 1147 omnia,
1657 1106 1789 1154 quae

280 1176 551 1222 corporeus
588 1176 764 1206 sensus
803 1160 1045 1223 adtingit,
1081 1176 1145 1206 ne
1183 1167 1376 1222 puncto
1413 1160 1619 1222 quidem
1657 1166 1789 1205 tem-

278 1231 414 1290 poris
439 1228 621 1274 eodem
646 1229 798 1274 modo
822 1245 1031 1274 manere
1055 1245 1222 1290 posse,
1246 1228 1337 1274 sed
1360 1227 1481 1284 labi,
1504 1227 1709 1274 effluere
1736 1233 1790 1273 et

278 1312 521 1358 praesens
550 1295 675 1341 nihil
702 1297 955 1351 obtinere,
983 1297 1035 1342 id
1065 1303 1162 1351 est,
1190 1303 1248 1342 ut
1275 1292 1434 1342 latine
1461 1294 1658 1358 loquar,
1686 1312 1788 1341 non

280 1380 408 1410 esse.
476 1364 673 1410 Horum
699 1367 876 1426 itaque
907 1381 1132 1410 amorem
1159 1367 1640 1426 perniciosissimum
1667 1379 1789 1426 poe-

281 1448 564 1494 narumque
607 1431 958 1494 plenissimum
1000 1449 1120 1478 vera
1164 1439 1218 1478 et
1261 1432 1431 1478 divina
1470 1430 1790 1494 philosophia

280 1506 457 1546 monet
479 1498 681 1546 frenare
707 1507 864 1562 atque
888 1502 1072 1562 sopire,
1096 1507 1153 1546 ut
1177 1516 1231 1545 se
1254 1506 1367 1546 toto
1391 1503 1607 1554 animus,
1631 1502 1787 1545 etiam

281 1568 401 1614 dum
438 1566 533 1613 hoc
569 1584 749 1629 corpus
786 1571 912 1631 agit,
946 1571 999 1612 in
1036 1584 1115 1622 ea,
1152 1584 1284 1630 quae
1320 1584 1524 1630 semper
1559 1568 1788 1614 eiusdem

279 1636 417 1682 modi
448 1642 567 1681 sunt
598 1652 768 1698 neque
799 1638 1070 1699 peregrino
1100 1634 1310 1697 pulchro
1340 1635 1566 1698 placent,
1595 1634 1793 1682 feratur

282 1711 439 1766 atque
469 1710 689 1749 aestuet.
759 1702 904 1761 Quae
933 1720 1048 1749 cum
1075 1706 1149 1749 ita
1178 1707 1278 1749 sint
1309 1711 1360 1749 et
1389 1720 1503 1750 cum
1533 1710 1586 1749 te
1612 1720 1787 1750 verum

283 1788 340 1817 ac
385 1770 685 1832 simplicem,
732 1770 893 1833 qualis
941 1774 1048 1818 sine
1096 1770 1197 1817 ulla
1244 1770 1582 1818 sollicitudine
1631 1774 1789 1817 amari

281 1846 448 1901 potes,
488 1842 538 1884 in
580 1846 746 1884 semet
784 1841 894 1901 ipsa
934 1856 1078 1885 mens
1119 1839 1310 1894 videat,
1349 1838 1574 1886 fatemur
1611 1846 1789 1886 tamen

283 1923 612 1969 congressum
649 1910 804 1952 istum
842 1914 999 1969 atque
1037 1914 1368 1969 conspectum
1404 1915 1571 1963 tuum,
1607 1924 1722 1954 cum
1762 1923 1791 1953 a

282 1975 426 2020 nobis
478 1991 687 2036 corpore
740 1975 956 2021 discedis
1007 1973 1231 2038 locisque
1284 1978 1583 2038 seiungeris,
1635 1991 1790 2038 quae-

282 2059 394 2088 rere
431 2059 521 2088 nos
555 2058 738 2104 eoque,
767 2043 888 2088 dum
924 2042 1062 2097 licet,
1092 2059 1278 2105 cupere
1311 2041 1569 2090 fratribus.
1639 2043 1789 2101 Quod

282 2108 512 2172 profecto
546 2113 745 2165 vitium,
778 2113 818 2156 si
855 2117 908 2156 te
945 2111 1078 2156 bene
1113 2114 1247 2165 novi,
1281 2127 1420 2157 amas
1453 2114 1504 2157 in
1538 2111 1682 2157 nobis
1718 2118 1789 2166 et,

281 2195 395 2224 cum
434 2181 603 2223 omnia
640 2178 774 2223 bona
811 2185 959 2240 optes
995 2181 1262 2224 carissimis
1300 2186 1354 2225 et
1389 2177 1789 2225 familiarissimis

354 2301 371 2319 ‘²
402 2296 590 2335 VVritten
622 2300 667 2335 at
698 2297 997 2336 Cassiciacum
1023 2297 1215 2337 towards
1245 2297 1319 2337 the
1348 2297 1434 2337 end
1464 2299 1515 2337 of
1538 2301 1637 2346 386,
1658 2297 1788 2338 while

291 2350 544 2402 Augustine
574 2364 664 2390 was
703 2350 791 2390 still
823 2353 865 2390 in
898 2354 1153 2391 retirement
1184 2352 1273 2392 and
1306 2352 1541 2392 immersed
1572 2355 1615 2393 in
1646 2352 1788 2404 philo-

287 2405 485 2456 sophica]
514 2405 696 2445 studies.
760 2405 812 2444 In
839 2405 962 2445 these
991 2406 1211 2446 Zenobius
1231 2420 1322 2446 was
1349 2406 1512 2459 keenly
1534 2407 1786 2454 interested‚

288 2459 377 2499 and
416 2463 463 2498 to
504 2459 594 2498 him
636 2460 889 2509 Augustine
924 2460 1158 2500 dedicated
1193 2461 1268 2500 the
1302 2463 1480 2501 treatise
1514 2461 1579 2501 De
1620 2461 1788 2501 Ordine

291 2515 403 2559 (Aa).
421 2516 538 2563 386).
593 2513 663 2552 He
679 2514 941 2553 afterwards
958 2515 1139 2555 became
1155 2529 1182 2555 a
1198 2515 1362 2567 keeper
1377 2516 1428 2555 of
1446 2515 1596 2567 public
1612 2515 1788 2556 records

291 2568 518 2620 (maqister
537 2569 783 2615 memoriae,
806 2568 889 2620 Ep.
912 2571 1075 2622 cxvii.).

288 2639 316 2678 2
