1850 2964
744 157 836 204 ST.
873 157 1281 205 AUGUSTINE

721 311 816 358 No.
846 316 903 359 58
943 311 1060 375 (Ep.
1087 310 1314 377 CCLIV)

261 420 524 464 DOMINO
566 420 950 463 BEATISSIMO
991 422 1069 462 ET
1107 421 1502 462 VENERABILI
1543 420 1623 461 AC
1661 420 1766 460 DE-

387 485 754 527 SIDERABILI
823 486 1054 527 FRATRI
1137 486 1215 526 ET
1279 483 1763 527 CONSACERDOTI

388 550 731 592 BENENATO
797 551 874 592 ET
933 550 1046 601 QUI
1106 551 1324 592 TECUM
1393 549 1561 592 SUNT
1621 549 1764 591 FRA-

386 615 616 657 TRIBUS
646 615 1056 658 AUGUSTINUS
1086 616 1162 656 ET
1189 615 1303 666 QUI
1334 615 1568 657 MECUM
1598 613 1766 656 SUNT

387 680 670 723 FRATRES
704 681 771 722 IN
802 680 1064 722 DOMINO
1096 681 1396 723 SALUTEM

324 799 501 847 Puella
536 800 601 847 de
638 817 740 863 qua
774 799 899 847 mihi
945 803 1145 864 scripsit
1191 803 1435 847 sanctitas
1471 807 1580 856 tua,
1615 802 1668 846 in
1705 815 1767 846 ea

260 869 526 916 voluntate
557 875 652 924 est,
681 875 757 924 ut,
785 872 826 915 si
855 876 997 915 aetas
1027 872 1074 915 ei
1100 872 1203 915 iam
1229 876 1433 915 matura
1462 875 1615 924 esset,
1643 867 1767 914 nulli

259 940 312 984 in
342 939 533 1000 nuptiis
565 940 875 984 conveniret.
947 937 1008 983 In
1040 954 1101 984 ea
1131 954 1249 984 vero
1282 944 1457 984 aetate
1490 943 1586 992 est,
1617 943 1694 992 ut,
1725 939 1766 982 si

260 1004 581 1052 voluntatem
622 1006 849 1052 nubendi
889 1003 1124 1061 haberet,
1165 1004 1289 1052 nulli
1331 1004 1495 1052 adhuc
1537 1005 1646 1051 dari
1687 1003 1768 1050 vel

259 1076 491 1137 promitti
538 1073 769 1120 deberet.
840 1072 955 1119 Huc
995 1074 1192 1121 accedit
1231 1076 1351 1136 quia
1398 1090 1512 1120 eam
1551 1073 1676 1120 deus
1714 1075 1768 1118 in

261 1141 474 1188 ecclesia
505 1144 574 1187 sic
606 1148 801 1197 tuetur,
834 1148 893 1188 ut
925 1149 1103 1188 contra
1133 1142 1371 1204 inprobos
1405 1148 1632 1197 tueatur,
1664 1157 1767 1187 non

258 1216 318 1256 ut
347 1212 428 1256 cui
456 1208 661 1255 voluero
686 1210 821 1256 tradi
845 1213 1021 1272 possit,
1047 1210 1139 1257 sed
1162 1217 1220 1256 ut
1247 1227 1276 1256 a
1301 1226 1400 1273 quo
1430 1226 1532 1256 non
1561 1215 1767 1271 oportet

259 1281 370 1340 rapi
413 1294 515 1324 non
558 1281 735 1340 possit,
780 1278 984 1325 domine
1029 1277 1295 1324 Benenate
1340 1276 1666 1325 dilectissime
1712 1283 1766 1324 et

259 1344 561 1392 venerabilis
594 1343 768 1392 frater.
839 1345 1078 1393 Condicio
1110 1349 1286 1409 itaque
1324 1363 1478 1409 quam
1509 1348 1766 1392 insinuare

260 1414 500 1477 dignatus
551 1430 622 1470 es,
670 1431 772 1460 non
818 1413 942 1460 mihi
991 1413 1242 1477 displicet,
1290 1417 1331 1460 si
1378 1421 1603 1476 nuptura
1651 1420 1765 1468 est3

261 1489 433 1529 utrum
477 1488 652 1528 autem
693 1489 918 1545 nuptura
959 1485 1042 1538 sit,
1086 1485 1182 1529 etsi
1223 1481 1348 1529 illud
1395 1482 1533 1545 quod
1577 1484 1631 1527 in
1677 1497 1764 1528 ore

260 1549 421 1596 habet
448 1553 611 1613 magis
646 1557 900 1613 optamus,
930 1567 1063 1596 nunc
1095 1557 1273 1597 tamen
1307 1553 1617 1614 ignoramus,
1646 1552 1766 1613 quia

259 1621 312 1664 in
334 1617 411 1664 hjs
437 1621 579 1664 annis
611 1625 690 1665 est
720 1625 778 1665 ut
809 1625 863 1665 et
893 1619 1031 1681 quod
1060 1635 1113 1665 se
1145 1619 1268 1665 dicit
1291 1617 1420 1665 velle
1447 1634 1556 1665 esse
1581 1620 1766 1664 sancti-

258 1685 551 1741 monialem,
586 1689 724 1733 iocus
761 1689 826 1732 sit
861 1690 1030 1749 potius
1066 1689 1336 1749 garrientis
1373 1703 1527 1749 quam
1564 1688 1765 1749 sponsio

259 1754 563 1817 profitentis.
634 1754 836 1801 Deinde
888 1753 1048 1801 habet
1097 1761 1449 1810 materteram,
1500 1757 1641 1801 cuius
1691 1757 1766 1800 vir

259 1821 565 1869 honorabilis
618 1821 778 1869 frater
830 1829 1004 1869 noster
1057 1822 1217 1878 Felix,
1271 1823 1393 1870 dum
1446 1822 1510 1869 de
1563 1821 1658 1869 hac
1709 1837 1764 1869 re

260 1889 587 1937 contulissem
637 1908 752 1937 cum
805 1890 1124 1954 illo—neque
1177 1893 1312 1937 enim
1361 1907 1564 1953 possem
1618 1889 1766 1937 aliter

322 1993 341 2011 ‘²
373 1988 628 2029 Benenatus
656 2002 746 2029 was
775 1988 935 2041 bishop
963 1990 1014 2028 of
1037 1989 1308 2041 Tugutiana‚
1336 1989 1412 2030 the
1439 1991 1520 2030 site
1547 1990 1598 2030 of
1620 1988 1766 2029 which

264 2045 298 2083 is
319 2047 397 2084 not
416 2042 596 2083 known.
647 2043 741 2084 The
760 2043 845 2095 girl
864 2043 1055 2084 referred
1075 2048 1121 2084 to
1141 2057 1231 2084 was
1250 2057 1308 2084 an
1328 2043 1501 2096 orphan
1521 2043 1669 2085 whom
1688 2043 1767 2085 her

262 2097 421 2145 father,
452 2111 479 2137 a
514 2099 586 2138 vir
619 2099 870 2150 spectabilis
905 2097 1147 2150 (probably
1181 2112 1208 2138 a
1243 2098 1536 2151 magistrate),
1571 2097 1661 2139 had
1691 2112 1768 2139 en-

262 2151 432 2192 trusted
451 2156 497 2192 to
515 2152 590 2192 the
607 2152 931 2205 guardianship
951 2154 1002 2192 of
1014 2153 1089 2193 the
1109 2152 1300 2193 Church,
1351 2152 1385 2193 F
1388 2166 1469 2193 our
1486 2152 1634 2194 letters
1653 2167 1766 2194 were

263 2209 436 2247 written
453 2206 515 2258 by
532 2207 785 2259 Augustine
801 2207 941 2247 about
957 2208 1034 2248 her
1052 2225 1062 2248 ε
1097 2207 1207 2247 cclii.
1225 2211 1271 2248 to
1287 2220 1372 2248 one
1389 2207 1524 2255 Felix,
1541 2206 1767 2260 declining

262 2265 308 2301 to
324 2260 433 2301 take
450 2274 541 2312 any
558 2263 705 2302 action
723 2264 992 2314 concerning
1013 2262 1090 2302 her
1107 2262 1294 2302 without
1310 2262 1564 2315 consulting
1581 2262 1767 2303 another

262 2315 498 2367 guardian,
514 2315 640 2356 ccliii.
656 2320 702 2356 to
726 2316 993 2364 Benenatus,
1009 2318 1265 2369 expressing
1279 2319 1472 2369 surprise
1485 2321 1532 2357 at
1546 2319 1767 2370 receiving

262 2370 458 2422 through
479 2370 572 2410 him
589 2370 664 2411 the
681 2370 890 2423 proposal
912 2372 981 2411 for
999 2385 1025 2410 a
1044 2373 1264 2423 marriage
1282 2372 1389 2411 with
1413 2385 1440 2411 a
1457 2384 1623 2424 pagan,
1642 2371 1766 2412 ccliv.

266 2423 368 2464 here
381 2424 638 2472 translated,
650 2424 738 2465 and
752 2425 833 2466 clv.
849 2430 894 2465 to
910 2426 1131 2473 Rusticus,
1143 2425 1217 2465 the
1230 2439 1379 2478 pagan
1388 2426 1487 2466 who
1501 2425 1590 2466 had
1604 2426 1768 2478 sought

267 2478 344 2518 her
359 2478 495 2526 hand,
512 2478 689 2531 bluntly
705 2480 903 2532 refusing
919 2480 986 2520 his
1002 2484 1191 2532 request.
1237 2479 1331 2520 The
1345 2482 1537 2532 practice
1552 2481 1603 2521 of
1612 2482 1767 2533 caring

265 2534 335 2572 for
356 2533 551 2585 orphans
572 2533 697 2575 dates
717 2535 834 2575 from
855 2534 930 2575 the
952 2534 1073 2587 early
1095 2547 1222 2588 years
1244 2535 1294 2575 of
1310 2535 1385 2577 the
1407 2534 1600 2584 Church,
1622 2534 1712 2577 and
1734 2537 1769 2580 it

271 2602 367 2648 488
