1866 2964
773 179 864 227 ST.
903 177 1311 226 AUGUSTINE

289 313 639 362 satisfactione
688 314 990 376 quantocius
1033 327 1210 358 curare
1259 310 1397 374 quod
1442 308 1584 366 fecit,
1623 315 1678 356 et
1713 306 1800 354 illa

291 408 423 455 quae
475 390 615 436 laesa
667 396 763 445 est,
815 391 924 435 sine
976 388 1350 450 disceptatione
1402 386 1679 433 dimittere.
1749 383 1800 430 Si

291 474 467 513 autem
514 468 732 512 invicem
783 480 837 510 se
893 463 1154 518 laeserint,
1201 465 1419 508 invicem
1474 461 1569 508 sibi
1624 461 1801 508 debita

290 541 521 588 relaxare
564 541 831 588 debebunt
871 545 1083 601 propter
1124 540 1379 584 orationes
1421 544 1633 592 vestras,
1676 551 1801 599 quas

291 620 470 680 utique
520 622 713 679 quanto
779 615 1056 660 crebriores
1095 619 1243 659 tanto
1291 615 1568 658 sanctiores
1610 610 1802 657 habere

292 693 509 739 debetis.
581 690 767 737 Melior
798 696 877 736 est
913 696 1107 743 autem,
1136 704 1268 752 quae
1295 690 1524 751 quamvis
1548 690 1624 733 ira
1647 684 1802 749 saepe

292 775 598 831 temptatur,
646 774 824 813 tamen
875 769 1153 828 impetrare
1206 763 1419 811 festinat
1471 770 1530 810 ut
1581 763 1675 809 sibi
1731 763 1803 810 di-

294 847 490 900 mittat,
523 846 603 890 cui
636 859 690 889 se
723 840 904 888 fecisse
938 843 1170 904 agnoscit
1201 843 1454 895 iniuriam,
1484 855 1638 902 quam
1671 854 1803 902 quae

295 920 488 967 tardius
529 921 762 965 irascitur
803 924 858 964 et
900 916 964 963 ad
1001 919 1202 963 veniam
1237 915 1518 979 petendam
1559 913 1804 962 difficilius

294 994 579 1041 inclinatur.
673 993 820 1052 Quae
883 999 1059 1038 autem
1119 1008 1399 1054 numquam
1458 989 1567 1037 vult
1624 996 1805 1053 petere

295 1073 498 1117 veniam
536 1076 626 1115 aut
663 1085 766 1114 non
804 1084 867 1114 ex
903 1070 1072 1113 animo
1112 1069 1265 1129 petit,
1302 1069 1411 1112 sine
1449 1082 1602 1112 causa
1639 1071 1718 1111 est
1753 1067 1807 1110 in

295 1147 624 1199 monasterio,
668 1145 870 1189 etiamsi
911 1159 1014 1188 non
1060 1141 1180 1188 inde
1228 1143 1518 1203 proiciatur.
1589 1139 1807 1186 Proinde

297 1220 437 1266 vobis
479 1236 508 1265 a
555 1219 721 1265 verbis
762 1217 1046 1264 durioribus
1094 1218 1323 1279 parcite3
1379 1231 1511 1278 quae
1548 1217 1588 1261 si
1626 1217 1810 1261 emissa

296 1293 489 1341 fuerint
543 1309 607 1339 ex
662 1309 749 1339 ore
803 1298 992 1347 vestro,
1045 1307 1148 1337 non
1200 1293 1380 1354 pigeat
1435 1306 1499 1336 ex
1556 1293 1667 1353 ipso
1722 1305 1808 1336 ore

296 1369 525 1433 proferre
563 1369 961 1423 medicamenta,
1005 1383 1069 1412 ex
1112 1383 1212 1430 quo
1251 1365 1391 1412 facta
1427 1372 1547 1412 sunt
1582 1364 1808 1412 vulnera.

300 1446 518 1504 Quando
557 1452 732 1491 autem
768 1446 1046 1490 necessitas
1081 1441 1377 1504 disciplinae
1414 1441 1691 1488 minoribus
1729 1458 1810 1488 co-

298 1521 566 1568 hercendis
604 1520 773 1567 dicere
804 1536 890 1565 vos
924 1519 1081 1565 verba
1113 1518 1240 1564 dura
1272 1516 1550 1580 compellit,
1579 1520 1620 1564 si
1654 1520 1812 1564 etiam

299 1600 352 1642 in
380 1599 500 1659 ipsis
534 1595 745 1642 modum
782 1611 868 1640 vos
904 1595 1179 1640 excessisse
1215 1595 1436 1648 sentitis,
1470 1609 1572 1639 non
1606 1609 1636 1638 a
1670 1593 1812 1639 vobis

302 1674 525 1735 exigitur
573 1677 632 1717 ut
680 1670 744 1716 ab
802 1672 873 1715 eis
934 1671 1136 1715 veniam
1192 1666 1483 1730 postuletis,
1550 1683 1616 1714 ne
1675 1666 1813 1730 apud

303 1765 406 1804 eas,
433 1763 557 1811 quas
583 1752 789 1809 oportet
816 1760 927 1791 esse
953 1745 1227 1799 subiectas,
1254 1744 1377 1790 dum
1401 1746 1559 1789 nimia
1582 1750 1814 1790 servatur

300 1822 579 1877 humilitas,
606 1821 822 1884 regendi
849 1818 1117 1883 frangatur
1147 1821 1438 1865 auctoritas.
1507 1817 1610 1865 Sed
1636 1825 1814 1865 tamen

301 1897 530 1962 petenda
572 1903 652 1942 est
691 1898 843 1941 venia
883 1895 947 1940 ab
995 1896 1222 1940 omnium
1263 1893 1486 1949 domino,
1527 1895 1615 1956 qui
1654 1896 1814 1949 novit,

303 1977 461 2020 etiam
498 1989 601 2027 eas,
639 1988 764 2034 quas
807 1970 920 2033 plus
970 1972 1104 2016 iusto
1146 1967 1280 2016 forte
1316 1972 1583 2032 corripitis,
1619 1975 1815 2032 quanta

301 2047 651 2096 benivolentia
715 2045 955 2110 diligatis.
1026 2044 1142 2092 Non
1207 2051 1383 2091 autem
1446 2043 1659 2091 carnalis
1723 2044 1815 2092 sed

303 2123 541 2188 spiritalis
579 2126 715 2169 inter
752 2139 839 2168 vos
879 2122 1038 2168 debet
1077 2137 1188 2167 esse
1226 2119 1468 2176 dilecti03
1523 2137 1643 2166 nam
1681 2136 1814 2184 quae

304 2199 500 2247 faciunt
542 2198 748 2262 pudoris
791 2200 1098 2243 inmemores
1145 2199 1302 2242 etiam
1345 2194 1547 2242 feminis
1591 2194 1815 2242 feminae

304 2276 516 2323 iocando
550 2277 771 2337 turpiter
806 2280 860 2319 et
891 2272 1134 2328 ludendo,
1168 2289 1271 2318 non
1304 2271 1467 2318 solum
1501 2288 1532 2318 a
1563 2272 1725 2319 viduis
1761 2278 1815 2318 et

304 2353 510 2398 intactis
536 2348 726 2395 ancillis
751 2347 939 2394 Christi
962 2350 1015 2393 in
1039 2354 1215 2393 sancto
1239 2349 1499 2410 proposito
1523 2349 1815 2394 constitutis

305 2426 397 2473 sed
416 2428 620 2471 omnino
640 2422 939 2470 Christianis
961 2438 1055 2468 nec
1084 2438 1113 2467 a
1139 2421 1436 2468 mulieribus
1461 2424 1635 2485 nuptis
1663 2437 1757 2468 nec
1786 2438 1816 2467 a

306 2502 582 2566 virginibus
608 2506 728 2546 sunt
751 2497 987 2545 facienda
1010 2500 1261 2560 nupturis.

318 2636 412 2679 400
