1866 2964
210 581 234 620 6

207 2452 229 2489 7

750 171 842 219 ST.
880 171 1288 218 AUGUSTINE

263 320 399 360 aves,
416 321 518 350 non
535 304 913 367 quadrupedes,
924 321 1027 350 non
1043 304 1265 367 denique
1281 306 1486 368 sanguis
1501 302 1771 359 humanus,

262 394 354 440 sed
389 393 552 439 multo
589 392 852 439 scelestius
888 393 1054 456 pudor
1088 391 1342 439 humanus
1377 399 1645 456 tamquam
1680 396 1773 439 im-

261 482 481 529 molatus
504 486 745 530 intereat.

324 572 467 618 Haec
506 572 629 627 dixi,
665 578 878 635 propter
915 571 1053 635 quod
1090 574 1351 634 scripsisti,
1388 579 1640 636 quantum
1677 572 1771 619 tibi

261 669 404 708 aetas
439 661 525 707 fini
562 664 793 724 proxima
829 667 925 717 est,
957 677 1145 724 cupere
1178 667 1233 707 te
1275 667 1334 707 ut
1372 664 1594 724 patriam
1625 668 1770 708 tuam

259 750 566 797 incolumem
615 767 672 797 ac
719 750 990 797 florentem
1036 749 1310 813 relinquas.
1377 749 1643 797 Tollantur
1686 749 1771 796 illa

260 843 430 886 omnia
480 856 612 885 vana
662 846 716 886 et
764 843 962 896 insana,
1010 846 1377 886 convertantur
1423 838 1656 886 homines
1706 840 1768 887 ad

260 946 437 976 verum
459 929 542 976 dei
566 928 762 976 cultum
786 945 1057 992 moresque
1082 935 1248 975 castos
1275 936 1329 976 et
1351 931 1461 992 pios
1485 944 1497 985 ς
1534 936 1659 976 tunc
1681 946 1770 992 pa-

266 1022 418 1064 triam
437 1026 582 1065 tuam
607 1017 878 1065 florentem
903 1018 1098 1065 videbis
1117 1035 1220 1065 non
1238 1021 1476 1081 opinione
1496 1018 1769 1066 stultorum

259 1108 349 1155 sed
390 1111 611 1154 veritate
653 1111 982 1170 sapientium,
1024 1125 1139 1154 cum
1180 1106 1309 1154 haec
1348 1111 1517 1171 patria
1557 1107 1771 1155 carnalis

257 1200 604 1261 generationis
631 1203 754 1244 tuae
781 1200 949 1260 portio
975 1195 1133 1243 fuerit
1157 1196 1288 1243 illius
1315 1199 1534 1260 patriae,
1559 1200 1641 1244 cui
1667 1214 1769 1245 non

257 1303 466 1350 corpore
490 1287 582 1333 sed
604 1286 704 1333 fide
727 1289 999 1342 nascimur,
1021 1287 1109 1332 ubi
1131 1303 1307 1333 omnes
1330 1289 1493 1333 sancti
1516 1293 1570 1334 et
1593 1286 1769 1334 fideles

258 1376 341 1422 dei
364 1383 481 1438 post
504 1375 704 1422 labores
728 1374 871 1422 velut
893 1374 1139 1422 hiemales
1162 1379 1300 1422 vitae
1323 1374 1472 1423 huius
1494 1379 1770 1423 intermina

258 1468 571 1512 aeternitate
598 1464 872 1512 florebunt.
941 1464 1098 1511 Nobis
1123 1468 1301 1528 itaque
1328 1465 1466 1512 cordi
1493 1473 1573 1512 est
1598 1482 1768 1530 neque

257 1553 598 1600 Christianam
616 1557 856 1601 amittere
871 1554 1321 1601 mansuetudinem
1338 1571 1507 1618 neque
1522 1558 1770 1618 pernicio-

257 1660 369 1690 sum
393 1647 577 1689 ceteris
609 1646 910 1690 imitationis
940 1642 1234 1706 exemplum
1263 1647 1314 1689 in
1343 1643 1429 1690 illa
1458 1647 1666 1691 civitate
1690 1661 1770 1691 re-

255 1731 504 1795 linquere.
574 1732 688 1791 Quo
720 1733 873 1779 modo
905 1733 958 1779 id
991 1749 1220 1796 agamus,
1251 1733 1417 1780 aderit
1451 1734 1595 1790 deus,
1624 1738 1665 1780 si
1695 1737 1766 1781 eis

257 1839 359 1868 non
377 1825 449 1867 ita
468 1825 694 1885 graviter
712 1822 1024 1885 indignetur.
1090 1821 1331 1885 Alioquin
1353 1829 1405 1869 et
1424 1824 1767 1871 mansuetudo

259 1928 413 1973 quam
431 1927 632 1957 servare
653 1914 901 1973 cupimus,
921 1918 973 1958 et
999 1911 1263 1974 disciplina
1288 1929 1389 1975 qua
1406 1915 1483 1959 uti
1499 1913 1765 1959 moderate

255 2003 482 2056 nitimur,
502 2001 737 2063 impediri
758 2007 950 2063 potest,
971 2004 1010 2046 si
1031 2001 1128 2047 deo
1150 2000 1288 2048 aliud
1306 2004 1359 2047 in
1378 2001 1576 2048 occulto
1596 2001 1767 2064 placet

259 2092 363 2135 sive
409 2090 655 2136 iudicanti
700 2088 795 2136 hoc
840 2097 1045 2136 tantum
1090 2089 1280 2136 malum
1327 2089 1529 2154 flagello
1576 2094 1765 2137 acriore

255 2177 586 2240 plectendum
616 2182 719 2225 sive
751 2182 908 2225 etiam
938 2178 1293 2226 vehementius
1317 2183 1574 2236 irascenti,
1599 2183 1639 2226 si
1665 2197 1765 2226 non

255 2271 492 2314 correctis
519 2284 614 2314 nec
642 2267 706 2314 ad
733 2284 786 2314 se
814 2272 1066 2314 conversis
1094 2269 1159 2315 ad
1185 2276 1390 2332 tempus
1416 2285 1525 2315 esse
1550 2268 1767 2316 voluerit

255 2359 564 2418 inpunitum.

320 2444 625 2492 Praescribit
657 2447 801 2492 nobis
834 2447 1056 2509 quodam
1088 2447 1239 2494 modo
1270 2447 1545 2510 prudentia
1576 2454 1668 2494 tua
1699 2447 1764 2494 de

253 2550 470 2595 persona
513 2534 786 2597 episcopali
829 2542 881 2581 et
924 2536 1046 2582 dicis
1087 2539 1306 2598 patriam
1349 2543 1492 2583 tuam
1530 2553 1631 2582 non
1665 2535 1764 2582 levi

270 2610 361 2657 160
