<?xml version="1.0" encoding="UTF-8"?>
<!DOCTYPE html PUBLIC "-//W3C//DTD XHTML 1.0 Transitional//EN"
    "http://www.w3.org/TR/xhtml1/DTD/xhtml1-transitional.dtd">
<html xmlns="http://www.w3.org/1999/xhtml" xml:lang="en" lang="en">
 <head>
  <title>
</title>
<meta http-equiv="Content-Type" content="text/html;charset=utf-8" />
  <meta name='ocr-system' content='tesseract 3.04.00' />
  <meta name='ocr-capabilities' content='ocr_page ocr_carea ocr_par ocr_line ocrx_word'/>
</head>
<body>
  <div class='ocr_page' id='page_1' title='image "./selectletters00auguuoft_0456.png"; bbox 0 0 1866 2964; ppageno 0'>
   <div class='ocr_carea' id='block_1_1' title="bbox 739 163 1278 213">
    <p class='ocr_par' dir='ltr' id='par_1_1' title="bbox 739 163 1278 213">
     <span class='ocr_line' id='line_1_1' title="bbox 739 163 1278 213; baseline 0.004 -3"><span class='ocrx_word' id='word_1_1' title='bbox 739 163 830 211; x_wconf 92' lang='lat' dir='ltr'>ST.</span> <span class='ocrx_word' id='word_1_2' title='bbox 869 165 1278 213; x_wconf 78' lang='lat' dir='ltr'>AUGUSTINE</span> 
     </span>
    </p>
   </div>
   <div class='ocr_carea' id='block_1_2' title="bbox 247 293 1772 2474">
    <p class='ocr_par' dir='ltr' id='par_1_2' title="bbox 247 293 1768 512">
     <span class='ocr_line' id='line_1_2' title="bbox 248 293 1764 361; baseline 0.003 -25"><span class='ocrx_word' id='word_1_3' title='bbox 248 293 287 336; x_wconf 89' lang='lat' dir='ltr'>si</span> <span class='ocrx_word' id='word_1_4' title='bbox 314 299 488 339; x_wconf 86' lang='lat' dir='ltr'>autem</span> <span class='ocrx_word' id='word_1_5' title='bbox 515 294 918 357; x_wconf 81' lang='lat' dir='ltr'>deprehenditur</span> <span class='ocrx_word' id='word_1_6' title='bbox 944 305 1101 361; x_wconf 90' lang='lat' dir='ltr'>atque</span> <span class='ocrx_word' id='word_1_7' title='bbox 1127 302 1458 354; x_wconf 86' lang='lat' dir='ltr'>convincitur,</span> <span class='ocrx_word' id='word_1_8' title='bbox 1484 296 1764 345; x_wconf 88' lang='lat' dir='ltr'>secundum</span> 
     </span>
     <span class='ocr_line' id='line_1_3' title="bbox 249 367 1768 435; baseline 0.003 -24"><span class='ocrx_word' id='word_1_9' title='bbox 249 367 513 414; x_wconf 76' lang='lat' dir='ltr'>arbitrium</span> <span class='ocrx_word' id='word_1_10' title='bbox 561 371 851 434; x_wconf 74' lang='lat' dir='ltr'>presbyteri</span> <span class='ocrx_word' id='word_1_11' title='bbox 898 376 1177 435; x_wconf 80' lang='lat' dir='ltr'>praepositi</span> <span class='ocrx_word' id='word_1_12' title='bbox 1224 372 1305 419; x_wconf 89' lang='lat' dir='ltr'>vel</span> <span class='ocrx_word' id='word_1_13' title='bbox 1353 372 1568 418; x_wconf 90' lang='lat' dir='ltr'>aliorum</span> <span class='ocrx_word' id='word_1_14' title='bbox 1616 369 1768 418; x_wconf 92' lang='lat' dir='ltr'>simul</span> 
     </span>
     <span class='ocr_line' id='line_1_4' title="bbox 247 442 1763 512; baseline 0.003 -25"><span class='ocrx_word' id='word_1_15' title='bbox 247 442 664 506; x_wconf 81' lang='lat' dir='ltr'>presbyterorum</span> <span class='ocrx_word' id='word_1_16' title='bbox 685 446 764 492; x_wconf 83' lang='lat' dir='ltr'>vel</span> <span class='ocrx_word' id='word_1_17' title='bbox 786 450 943 493; x_wconf 89' lang='lat' dir='ltr'>etiam</span> <span class='ocrx_word' id='word_1_18' title='bbox 964 452 1185 511; x_wconf 74' lang='lat' dir='ltr'>episcopi</span> <span class='ocrx_word' id='word_1_19' title='bbox 1211 452 1413 512; x_wconf 87' lang='lat' dir='ltr'>gravius</span> <span class='ocrx_word' id='word_1_20' title='bbox 1440 448 1763 495; x_wconf 83' lang='lat' dir='ltr'>emendetur.</span> 
     </span>
    </p>

    <p class='ocr_par' dir='ltr' id='par_1_3' title="bbox 247 517 1772 2474">
     <span class='ocr_line' id='line_1_5' title="bbox 313 517 1764 570; baseline 0.003 -7"><span class='ocrx_word' id='word_1_21' title='bbox 313 517 496 565; x_wconf 74' lang='lat' dir='ltr'>Vestes</span> <span class='ocrx_word' id='word_1_22' title='bbox 524 527 718 567; x_wconf 82' lang='lat' dir='ltr'>vestras</span> <span class='ocrx_word' id='word_1_23' title='bbox 746 520 938 569; x_wconf 85' lang='lat' dir='ltr'>habete</span> <span class='ocrx_word' id='word_1_24' title='bbox 967 524 1060 569; x_wconf 89' lang='lat' dir='ltr'>sub</span> <span class='ocrx_word' id='word_1_25' title='bbox 1088 540 1189 569; x_wconf 89' lang='lat' dir='ltr'>una</span> <span class='ocrx_word' id='word_1_26' title='bbox 1218 524 1430 570; x_wconf 84' lang='lat' dir='ltr'>custode</span> <span class='ocrx_word' id='word_1_27' title='bbox 1458 522 1539 569; x_wconf 87' lang='lat' dir='ltr'>vel</span> <span class='ocrx_word' id='word_1_28' title='bbox 1566 523 1764 569; x_wconf 87' lang='lat' dir='ltr'>duabus</span> 
     </span>
     <span class='ocr_line' id='line_1_6' title="bbox 250 592 1764 660; baseline 0.004 -22"><span class='ocrx_word' id='word_1_29' title='bbox 250 592 330 638; x_wconf 75' lang='lat' dir='ltr'>vel</span> <span class='ocrx_word' id='word_1_30' title='bbox 382 602 508 657; x_wconf 89' lang='lat' dir='ltr'>quot</span> <span class='ocrx_word' id='word_1_31' title='bbox 560 596 788 643; x_wconf 88' lang='lat' dir='ltr'>sufficere</span> <span class='ocrx_word' id='word_1_32' title='bbox 840 601 1105 660; x_wconf 88' lang='lat' dir='ltr'>potuerint</span> <span class='ocrx_word' id='word_1_33' title='bbox 1155 599 1221 646; x_wconf 92' lang='lat' dir='ltr'>ad</span> <span class='ocrx_word' id='word_1_34' title='bbox 1273 615 1357 645; x_wconf 89' lang='lat' dir='ltr'>eas</span> <span class='ocrx_word' id='word_1_35' title='bbox 1411 598 1764 653; x_wconf 84' lang='lat' dir='ltr'>excutiendas,</span> 
     </span>
     <span class='ocr_line' id='line_1_7' title="bbox 251 670 1764 736; baseline 0.003 -23"><span class='ocrx_word' id='word_1_36' title='bbox 251 684 315 713; x_wconf 90' lang='lat' dir='ltr'>ne</span> <span class='ocrx_word' id='word_1_37' title='bbox 377 673 518 715; x_wconf 90' lang='lat' dir='ltr'>tinea</span> <span class='ocrx_word' id='word_1_38' title='bbox 573 670 863 727; x_wconf 73' lang='lat' dir='ltr'>laedantur,</span> <span class='ocrx_word' id='word_1_39' title='bbox 915 680 985 729; x_wconf 89' lang='lat' dir='ltr'>et,</span> <span class='ocrx_word' id='word_1_40' title='bbox 1036 676 1166 720; x_wconf 91' lang='lat' dir='ltr'>sicut</span> <span class='ocrx_word' id='word_1_41' title='bbox 1221 677 1486 736; x_wconf 84' lang='lat' dir='ltr'>pascimini</span> <span class='ocrx_word' id='word_1_42' title='bbox 1543 690 1607 719; x_wconf 81' lang='lat' dir='ltr'>ex</span> <span class='ocrx_word' id='word_1_43' title='bbox 1663 684 1764 719; x_wconf 87' lang='lat' dir='ltr'>uno</span> 
     </span>
     <span class='ocr_line' id='line_1_8' title="bbox 249 743 1765 800; baseline 0.003 -12"><span class='ocrx_word' id='word_1_44' title='bbox 249 743 469 800; x_wconf 87' lang='lat' dir='ltr'>cellario,</span> <span class='ocrx_word' id='word_1_45' title='bbox 517 749 585 792; x_wconf 89' lang='lat' dir='ltr'>sic</span> <span class='ocrx_word' id='word_1_46' title='bbox 633 747 915 793; x_wconf 86' lang='lat' dir='ltr'>induamini</span> <span class='ocrx_word' id='word_1_47' title='bbox 971 765 1034 794; x_wconf 77' lang='lat' dir='ltr'>ex</span> <span class='ocrx_word' id='word_1_48' title='bbox 1094 766 1194 795; x_wconf 87' lang='lat' dir='ltr'>uno</span> <span class='ocrx_word' id='word_1_49' title='bbox 1254 752 1507 795; x_wconf 78' lang='lat' dir='ltr'>vestiario.</span> <span class='ocrx_word' id='word_1_50' title='bbox 1591 748 1661 794; x_wconf 80' lang='lat' dir='ltr'>Et</span> <span class='ocrx_word' id='word_1_51' title='bbox 1724 751 1765 794; x_wconf 88' lang='lat' dir='ltr'>si</span> 
     </span>
     <span class='ocr_line' id='line_1_9' title="bbox 250 819 1761 887; baseline 0.003 -22"><span class='ocrx_word' id='word_1_52' title='bbox 250 819 357 865; x_wconf 81' lang='lat' dir='ltr'>fieri</span> <span class='ocrx_word' id='word_1_53' title='bbox 397 829 589 883; x_wconf 86' lang='lat' dir='ltr'>potest,</span> <span class='ocrx_word' id='word_1_54' title='bbox 624 839 726 868; x_wconf 92' lang='lat' dir='ltr'>non</span> <span class='ocrx_word' id='word_1_55' title='bbox 775 824 839 870; x_wconf 92' lang='lat' dir='ltr'>ad</span> <span class='ocrx_word' id='word_1_56' title='bbox 887 841 972 870; x_wconf 76' lang='lat' dir='ltr'>vos</span> <span class='ocrx_word' id='word_1_57' title='bbox 1020 828 1281 887; x_wconf 79' lang='lat' dir='ltr'>pertineat</span> <span class='ocrx_word' id='word_1_58' title='bbox 1331 825 1455 887; x_wconf 91' lang='lat' dir='ltr'>quid</span> <span class='ocrx_word' id='word_1_59' title='bbox 1501 825 1641 871; x_wconf 88' lang='lat' dir='ltr'>vobis</span> <span class='ocrx_word' id='word_1_60' title='bbox 1688 827 1761 869; x_wconf 90' lang='lat' dir='ltr'>in-</span> 
     </span>
     <span class='ocr_line' id='line_1_10' title="bbox 249 895 1765 963; baseline 0.002 -22"><span class='ocrx_word' id='word_1_61' title='bbox 249 895 510 944; x_wconf 83' lang='lat' dir='ltr'>duendum</span> <span class='ocrx_word' id='word_1_62' title='bbox 529 914 620 959; x_wconf 90' lang='lat' dir='ltr'>pro</span> <span class='ocrx_word' id='word_1_63' title='bbox 641 902 886 961; x_wconf 90' lang='lat' dir='ltr'>temporis</span> <span class='ocrx_word' id='word_1_64' title='bbox 907 903 1243 963; x_wconf 84' lang='lat' dir='ltr'>congruentia</span> <span class='ocrx_word' id='word_1_65' title='bbox 1263 898 1572 962; x_wconf 87' lang='lat' dir='ltr'>proferatur,</span> <span class='ocrx_word' id='word_1_66' title='bbox 1592 907 1765 946; x_wconf 89' lang='lat' dir='ltr'>utrum</span> 
     </span>
     <span class='ocr_line' id='line_1_11' title="bbox 248 969 1767 1038; baseline 0.003 -22"><span class='ocrx_word' id='word_1_67' title='bbox 248 969 342 1017; x_wconf 88' lang='lat' dir='ltr'>hoc</span> <span class='ocrx_word' id='word_1_68' title='bbox 372 975 586 1034; x_wconf 88' lang='lat' dir='ltr'>recipiat</span> <span class='ocrx_word' id='word_1_69' title='bbox 624 990 965 1037; x_wconf 85' lang='lat' dir='ltr'>unaquaeque</span> <span class='ocrx_word' id='word_1_70' title='bbox 1004 983 1231 1022; x_wconf 78' lang='lat' dir='ltr'>vestrum</span> <span class='ocrx_word' id='word_1_71' title='bbox 1270 976 1408 1038; x_wconf 88' lang='lat' dir='ltr'>quod</span> <span class='ocrx_word' id='word_1_72' title='bbox 1437 976 1767 1038; x_wconf 83' lang='lat' dir='ltr'>deposuerat,</span> 
     </span>
     <span class='ocr_line' id='line_1_12' title="bbox 249 1047 1766 1114; baseline 0.003 -22"><span class='ocrx_word' id='word_1_73' title='bbox 249 1063 313 1092; x_wconf 90' lang='lat' dir='ltr'>an</span> <span class='ocrx_word' id='word_1_74' title='bbox 340 1047 477 1094; x_wconf 90' lang='lat' dir='ltr'>aliud</span> <span class='ocrx_word' id='word_1_75' title='bbox 502 1049 639 1111; x_wconf 90' lang='lat' dir='ltr'>quod</span> <span class='ocrx_word' id='word_1_76' title='bbox 665 1049 827 1096; x_wconf 90' lang='lat' dir='ltr'>altera</span> <span class='ocrx_word' id='word_1_77' title='bbox 852 1049 1122 1107; x_wconf 89' lang='lat' dir='ltr'>habuerat,</span> <span class='ocrx_word' id='word_1_78' title='bbox 1144 1052 1266 1098; x_wconf 90' lang='lat' dir='ltr'>dum</span> <span class='ocrx_word' id='word_1_79' title='bbox 1292 1059 1469 1097; x_wconf 90' lang='lat' dir='ltr'>tamen</span> <span class='ocrx_word' id='word_1_80' title='bbox 1493 1054 1766 1114; x_wconf 88' lang='lat' dir='ltr'>unicuique</span> 
     </span>
     <span class='ocr_line' id='line_1_13' title="bbox 247 1124 1767 1190; baseline 0.003 -21"><span class='ocrx_word' id='word_1_81' title='bbox 247 1124 385 1186; x_wconf 92' lang='lat' dir='ltr'>quod</span> <span class='ocrx_word' id='word_1_82' title='bbox 407 1141 532 1186; x_wconf 90' lang='lat' dir='ltr'>opus</span> <span class='ocrx_word' id='word_1_83' title='bbox 557 1132 653 1181; x_wconf 91' lang='lat' dir='ltr'>est,</span> <span class='ocrx_word' id='word_1_84' title='bbox 676 1143 778 1171; x_wconf 88' lang='lat' dir='ltr'>non</span> <span class='ocrx_word' id='word_1_85' title='bbox 800 1134 1036 1190; x_wconf 84' lang='lat' dir='ltr'>negetur.</span> <span class='ocrx_word' id='word_1_86' title='bbox 1109 1126 1159 1173; x_wconf 90' lang='lat' dir='ltr'>Si</span> <span class='ocrx_word' id='word_1_87' title='bbox 1184 1135 1361 1173; x_wconf 87' lang='lat' dir='ltr'>autem</span> <span class='ocrx_word' id='word_1_88' title='bbox 1384 1127 1501 1173; x_wconf 88' lang='lat' dir='ltr'>hinc</span> <span class='ocrx_word' id='word_1_89' title='bbox 1522 1130 1658 1173; x_wconf 86' lang='lat' dir='ltr'>inter</span> <span class='ocrx_word' id='word_1_90' title='bbox 1680 1143 1767 1173; x_wconf 89' lang='lat' dir='ltr'>vos</span> 
     </span>
     <span class='ocr_line' id='line_1_14' title="bbox 248 1204 1768 1266; baseline 0.002 -21"><span class='ocrx_word' id='word_1_91' title='bbox 248 1204 604 1247; x_wconf 84' lang='lat' dir='ltr'>contentiones</span> <span class='ocrx_word' id='word_1_92' title='bbox 661 1209 713 1248; x_wconf 89' lang='lat' dir='ltr'>et</span> <span class='ocrx_word' id='word_1_93' title='bbox 767 1219 1028 1248; x_wconf 86' lang='lat' dir='ltr'>murmura</span> <span class='ocrx_word' id='word_1_94' title='bbox 1079 1206 1327 1259; x_wconf 86' lang='lat' dir='ltr'>oriuntur,</span> <span class='ocrx_word' id='word_1_95' title='bbox 1374 1220 1490 1250; x_wconf 84' lang='lat' dir='ltr'>curn</span> <span class='ocrx_word' id='word_1_96' title='bbox 1536 1206 1768 1266; x_wconf 91' lang='lat' dir='ltr'>queritur</span> 
     </span>
     <span class='ocr_line' id='line_1_15' title="bbox 249 1274 1766 1343; baseline 0.003 -23"><span class='ocrx_word' id='word_1_97' title='bbox 249 1274 417 1338; x_wconf 88' lang='lat' dir='ltr'>aliqua</span> <span class='ocrx_word' id='word_1_98' title='bbox 478 1277 704 1324; x_wconf 88' lang='lat' dir='ltr'>deterius</span> <span class='ocrx_word' id='word_1_99' title='bbox 755 1278 947 1341; x_wconf 89' lang='lat' dir='ltr'>aliquid</span> <span class='ocrx_word' id='word_1_100' title='bbox 995 1296 1048 1325; x_wconf 89' lang='lat' dir='ltr'>se</span> <span class='ocrx_word' id='word_1_101' title='bbox 1101 1283 1356 1343; x_wconf 83' lang='lat' dir='ltr'>accepisse</span> <span class='ocrx_word' id='word_1_102' title='bbox 1417 1296 1571 1342; x_wconf 86' lang='lat' dir='ltr'>quam</span> <span class='ocrx_word' id='word_1_103' title='bbox 1626 1282 1766 1342; x_wconf 88' lang='lat' dir='ltr'>prius</span> 
     </span>
     <span class='ocr_line' id='line_1_16' title="bbox 248 1349 1766 1418; baseline 0.004 -23"><span class='ocrx_word' id='word_1_104' title='bbox 248 1349 517 1407; x_wconf 85' lang='lat' dir='ltr'>habuerat,</span> <span class='ocrx_word' id='word_1_105' title='bbox 568 1360 621 1398; x_wconf 92' lang='lat' dir='ltr'>et</span> <span class='ocrx_word' id='word_1_106' title='bbox 668 1353 931 1417; x_wconf 82' lang='lat' dir='ltr'>indignam</span> <span class='ocrx_word' id='word_1_107' title='bbox 983 1371 1035 1400; x_wconf 86' lang='lat' dir='ltr'>se</span> <span class='ocrx_word' id='word_1_108' title='bbox 1085 1355 1279 1401; x_wconf 89' lang='lat' dir='ltr'>iudicat</span> <span class='ocrx_word' id='word_1_109' title='bbox 1339 1371 1449 1400; x_wconf 91' lang='lat' dir='ltr'>esse</span> <span class='ocrx_word' id='word_1_110' title='bbox 1511 1371 1643 1418; x_wconf 90' lang='lat' dir='ltr'>quae</span> <span class='ocrx_word' id='word_1_111' title='bbox 1691 1357 1766 1401; x_wconf 87' lang='lat' dir='ltr'>ita</span> 
     </span>
     <span class='ocr_line' id='line_1_17' title="bbox 249 1427 1766 1484; baseline 0.004 -14"><span class='ocrx_word' id='word_1_112' title='bbox 249 1428 515 1481; x_wconf 79' lang='lat' dir='ltr'>vestiatur,</span> <span class='ocrx_word' id='word_1_113' title='bbox 545 1430 674 1473; x_wconf 89' lang='lat' dir='ltr'>sicut</span> <span class='ocrx_word' id='word_1_114' title='bbox 713 1427 809 1473; x_wconf 90' lang='lat' dir='ltr'>alia</span> <span class='ocrx_word' id='word_1_115' title='bbox 850 1445 988 1475; x_wconf 87' lang='lat' dir='ltr'>soror</span> <span class='ocrx_word' id='word_1_116' title='bbox 1027 1432 1133 1475; x_wconf 92' lang='lat' dir='ltr'>eius</span> <span class='ocrx_word' id='word_1_117' title='bbox 1170 1430 1506 1484; x_wconf 76' lang='lat' dir='ltr'>vestiebatur,</span> <span class='ocrx_word' id='word_1_118' title='bbox 1535 1428 1652 1475; x_wconf 90' lang='lat' dir='ltr'>hinc</span> <span class='ocrx_word' id='word_1_119' title='bbox 1679 1447 1766 1476; x_wconf 86' lang='lat' dir='ltr'>vos</span> 
     </span>
     <span class='ocr_line' id='line_1_18' title="bbox 249 1502 1767 1565; baseline 0.003 -19"><span class='ocrx_word' id='word_1_120' title='bbox 249 1502 484 1563; x_wconf 84' lang='lat' dir='ltr'>probate,</span> <span class='ocrx_word' id='word_1_121' title='bbox 517 1510 769 1565; x_wconf 89' lang='lat' dir='ltr'>quantum</span> <span class='ocrx_word' id='word_1_122' title='bbox 800 1505 941 1550; x_wconf 78' lang='lat' dir='ltr'>vobis</span> <span class='ocrx_word' id='word_1_123' title='bbox 974 1505 1107 1551; x_wconf 84' lang='lat' dir='ltr'>desit</span> <span class='ocrx_word' id='word_1_124' title='bbox 1137 1508 1190 1550; x_wconf 92' lang='lat' dir='ltr'>in</span> <span class='ocrx_word' id='word_1_125' title='bbox 1219 1504 1303 1551; x_wconf 91' lang='lat' dir='ltr'>illo</span> <span class='ocrx_word' id='word_1_126' title='bbox 1334 1508 1577 1551; x_wconf 88' lang='lat' dir='ltr'>interiore</span> <span class='ocrx_word' id='word_1_127' title='bbox 1608 1511 1767 1552; x_wconf 80' lang='lat' dir='ltr'>sancto</span> 
     </span>
     <span class='ocr_line' id='line_1_19' title="bbox 248 1576 1764 1644; baseline 0.003 -21"><span class='ocrx_word' id='word_1_128' title='bbox 248 1576 406 1624; x_wconf 75' lang='lat' dir='ltr'>habita</span> <span class='ocrx_word' id='word_1_129' title='bbox 471 1578 651 1634; x_wconf 87' lang='lat' dir='ltr'>cordis,</span> <span class='ocrx_word' id='word_1_130' title='bbox 698 1596 830 1642; x_wconf 89' lang='lat' dir='ltr'>quae</span> <span class='ocrx_word' id='word_1_131' title='bbox 889 1597 980 1642; x_wconf 91' lang='lat' dir='ltr'>pro</span> <span class='ocrx_word' id='word_1_132' title='bbox 1037 1579 1219 1627; x_wconf 89' lang='lat' dir='ltr'>habitu</span> <span class='ocrx_word' id='word_1_133' title='bbox 1261 1584 1481 1643; x_wconf 91' lang='lat' dir='ltr'>corporis</span> <span class='ocrx_word' id='word_1_134' title='bbox 1534 1579 1764 1644; x_wconf 84' lang='lat' dir='ltr'>litigatis.</span> 
     </span>
     <span class='ocr_line' id='line_1_20' title="bbox 249 1652 1767 1719; baseline 0.003 -21"><span class='ocrx_word' id='word_1_135' title='bbox 249 1652 445 1698; x_wconf 88' lang='lat' dir='ltr'>Tamen</span> <span class='ocrx_word' id='word_1_136' title='bbox 471 1656 511 1699; x_wconf 89' lang='lat' dir='ltr'>si</span> <span class='ocrx_word' id='word_1_137' title='bbox 537 1661 705 1700; x_wconf 79' lang='lat' dir='ltr'>vestra</span> <span class='ocrx_word' id='word_1_138' title='bbox 727 1654 978 1701; x_wconf 89' lang='lat' dir='ltr'>toleratur</span> <span class='ocrx_word' id='word_1_139' title='bbox 1003 1655 1288 1711; x_wconf 87' lang='lat' dir='ltr'>infirmitas,</span> <span class='ocrx_word' id='word_1_140' title='bbox 1311 1663 1369 1702; x_wconf 91' lang='lat' dir='ltr'>ut</span> <span class='ocrx_word' id='word_1_141' title='bbox 1394 1655 1490 1702; x_wconf 84' lang='lat' dir='ltr'>hoc</span> <span class='ocrx_word' id='word_1_142' title='bbox 1509 1659 1767 1719; x_wconf 90' lang='lat' dir='ltr'>recipiatis</span> 
     </span>
     <span class='ocr_line' id='line_1_21' title="bbox 250 1728 1764 1790; baseline 0.003 -17"><span class='ocrx_word' id='word_1_143' title='bbox 250 1728 388 1790; x_wconf 90' lang='lat' dir='ltr'>quod</span> <span class='ocrx_word' id='word_1_144' title='bbox 413 1732 717 1790; x_wconf 87' lang='lat' dir='ltr'>posueratis,</span> <span class='ocrx_word' id='word_1_145' title='bbox 743 1732 796 1774; x_wconf 93' lang='lat' dir='ltr'>in</span> <span class='ocrx_word' id='word_1_146' title='bbox 823 1747 923 1776; x_wconf 92' lang='lat' dir='ltr'>uno</span> <span class='ocrx_word' id='word_1_147' title='bbox 951 1737 1128 1776; x_wconf 88' lang='lat' dir='ltr'>tamen</span> <span class='ocrx_word' id='word_1_148' title='bbox 1155 1729 1263 1776; x_wconf 93' lang='lat' dir='ltr'>loco</span> <span class='ocrx_word' id='word_1_149' title='bbox 1291 1731 1385 1777; x_wconf 92' lang='lat' dir='ltr'>sub</span> <span class='ocrx_word' id='word_1_150' title='bbox 1412 1732 1764 1778; x_wconf 81' lang='lat' dir='ltr'>communibus</span> 
     </span>
     <span class='ocr_line' id='line_1_22' title="bbox 251 1803 1765 1869; baseline 0.003 -20"><span class='ocrx_word' id='word_1_151' title='bbox 251 1804 545 1850; x_wconf 88' lang='lat' dir='ltr'>custodibus</span> <span class='ocrx_word' id='word_1_152' title='bbox 594 1803 784 1851; x_wconf 88' lang='lat' dir='ltr'>habete</span> <span class='ocrx_word' id='word_1_153' title='bbox 836 1806 972 1869; x_wconf 91' lang='lat' dir='ltr'>quod</span> <span class='ocrx_word' id='word_1_154' title='bbox 1007 1809 1214 1868; x_wconf 86' lang='lat' dir='ltr'>ponitis,</span> <span class='ocrx_word' id='word_1_155' title='bbox 1250 1809 1325 1853; x_wconf 88' lang='lat' dir='ltr'>ita</span> <span class='ocrx_word' id='word_1_156' title='bbox 1373 1823 1495 1853; x_wconf 89' lang='lat' dir='ltr'>sane</span> <span class='ocrx_word' id='word_1_157' title='bbox 1532 1814 1591 1853; x_wconf 86' lang='lat' dir='ltr'>ut</span> <span class='ocrx_word' id='word_1_158' title='bbox 1625 1807 1765 1854; x_wconf 84' lang='lat' dir='ltr'>nulla</span> 
     </span>
     <span class='ocr_line' id='line_1_23' title="bbox 252 1879 1769 1943; baseline 0.003 -19"><span class='ocrx_word' id='word_1_159' title='bbox 252 1880 345 1925; x_wconf 91' lang='lat' dir='ltr'>sibi</span> <span class='ocrx_word' id='word_1_160' title='bbox 389 1879 580 1943; x_wconf 88' lang='lat' dir='ltr'>aliquid</span> <span class='ocrx_word' id='word_1_161' title='bbox 621 1888 880 1943; x_wconf 88' lang='lat' dir='ltr'>operetur,</span> <span class='ocrx_word' id='word_1_162' title='bbox 923 1884 1027 1928; x_wconf 69' lang='lat' dir='ltr'>sive</span> <span class='ocrx_word' id='word_1_163' title='bbox 1070 1882 1205 1928; x_wconf 92' lang='lat' dir='ltr'>unde</span> <span class='ocrx_word' id='word_1_164' title='bbox 1247 1882 1491 1928; x_wconf 88' lang='lat' dir='ltr'>induatur</span> <span class='ocrx_word' id='word_1_165' title='bbox 1532 1885 1637 1929; x_wconf 91' lang='lat' dir='ltr'>sive</span> <span class='ocrx_word' id='word_1_166' title='bbox 1680 1884 1769 1930; x_wconf 92' lang='lat' dir='ltr'>ubi</span> 
     </span>
     <span class='ocr_line' id='line_1_24' title="bbox 251 1956 1769 2021; baseline 0.003 -21"><span class='ocrx_word' id='word_1_167' title='bbox 251 1957 419 2000; x_wconf 83' lang='lat' dir='ltr'>iaceat</span> <span class='ocrx_word' id='word_1_168' title='bbox 463 1958 566 2001; x_wconf 73' lang='lat' dir='ltr'>sive</span> <span class='ocrx_word' id='word_1_169' title='bbox 610 1956 746 2002; x_wconf 92' lang='lat' dir='ltr'>unde</span> <span class='ocrx_word' id='word_1_170' title='bbox 789 1959 1025 2020; x_wconf 82' lang='lat' dir='ltr'>cingatur</span> <span class='ocrx_word' id='word_1_171' title='bbox 1067 1956 1147 2002; x_wconf 84' lang='lat' dir='ltr'>vel</span> <span class='ocrx_word' id='word_1_172' title='bbox 1189 1959 1450 2019; x_wconf 90' lang='lat' dir='ltr'>operiatur</span> <span class='ocrx_word' id='word_1_173' title='bbox 1491 1956 1573 2003; x_wconf 85' lang='lat' dir='ltr'>vel</span> <span class='ocrx_word' id='word_1_174' title='bbox 1613 1965 1769 2021; x_wconf 83' lang='lat' dir='ltr'>caput</span> 
     </span>
     <span class='ocr_line' id='line_1_25' title="bbox 251 2032 1768 2094; baseline 0.003 -18"><span class='ocrx_word' id='word_1_175' title='bbox 251 2037 496 2094; x_wconf 86' lang='lat' dir='ltr'>contegat</span> <span class='ocrx_word' id='word_1_176' title='bbox 518 2046 529 2086; x_wconf 90' lang='lat'>;</span> <span class='ocrx_word' id='word_1_177' title='bbox 579 2032 670 2077; x_wconf 88' lang='lat' dir='ltr'>sed</span> <span class='ocrx_word' id='word_1_178' title='bbox 690 2035 859 2078; x_wconf 91' lang='lat' dir='ltr'>omnia</span> <span class='ocrx_word' id='word_1_179' title='bbox 885 2049 1041 2094; x_wconf 88' lang='lat' dir='ltr'>opera</span> <span class='ocrx_word' id='word_1_180' title='bbox 1065 2039 1235 2078; x_wconf 79' lang='lat' dir='ltr'>vestra</span> <span class='ocrx_word' id='word_1_181' title='bbox 1259 2035 1312 2078; x_wconf 90' lang='lat' dir='ltr'>in</span> <span class='ocrx_word' id='word_1_182' title='bbox 1335 2049 1604 2079; x_wconf 87' lang='lat' dir='ltr'>commune</span> <span class='ocrx_word' id='word_1_183' title='bbox 1626 2033 1768 2089; x_wconf 86' lang='lat' dir='ltr'>fiant,</span> 
     </span>
     <span class='ocr_line' id='line_1_26' title="bbox 250 2105 1769 2171; baseline 0.003 -20"><span class='ocrx_word' id='word_1_184' title='bbox 250 2109 440 2152; x_wconf 89' lang='lat' dir='ltr'>maiore</span> <span class='ocrx_word' id='word_1_185' title='bbox 461 2106 630 2153; x_wconf 85' lang='lat' dir='ltr'>studio</span> <span class='ocrx_word' id='word_1_186' title='bbox 657 2114 711 2153; x_wconf 90' lang='lat' dir='ltr'>et</span> <span class='ocrx_word' id='word_1_187' title='bbox 736 2105 1072 2170; x_wconf 89' lang='lat' dir='ltr'>frequentiori</span> <span class='ocrx_word' id='word_1_188' title='bbox 1099 2107 1364 2154; x_wconf 87' lang='lat' dir='ltr'>alacritate</span> <span class='ocrx_word' id='word_1_189' title='bbox 1385 2125 1540 2171; x_wconf 88' lang='lat' dir='ltr'>quam</span> <span class='ocrx_word' id='word_1_190' title='bbox 1560 2112 1600 2155; x_wconf 93' lang='lat' dir='ltr'>si</span> <span class='ocrx_word' id='word_1_191' title='bbox 1629 2110 1769 2156; x_wconf 88' lang='lat' dir='ltr'>vobis</span> 
     </span>
     <span class='ocr_line' id='line_1_27' title="bbox 250 2180 1771 2247; baseline 0.003 -21"><span class='ocrx_word' id='word_1_192' title='bbox 250 2185 454 2244; x_wconf 89' lang='lat' dir='ltr'>propria</span> <span class='ocrx_word' id='word_1_193' title='bbox 482 2180 735 2229; x_wconf 88' lang='lat' dir='ltr'>faceretis.</span> <span class='ocrx_word' id='word_1_194' title='bbox 806 2182 1003 2229; x_wconf 90' lang='lat' dir='ltr'>Caritas</span> <span class='ocrx_word' id='word_1_195' title='bbox 1031 2186 1184 2239; x_wconf 89' lang='lat' dir='ltr'>enim,</span> <span class='ocrx_word' id='word_1_196' title='bbox 1205 2184 1268 2230; x_wconf 89' lang='lat' dir='ltr'>de</span> <span class='ocrx_word' id='word_1_197' title='bbox 1296 2200 1397 2247; x_wconf 89' lang='lat' dir='ltr'>qua</span> <span class='ocrx_word' id='word_1_198' title='bbox 1422 2187 1666 2247; x_wconf 88' lang='lat' dir='ltr'>scriptum</span> <span class='ocrx_word' id='word_1_199' title='bbox 1692 2192 1771 2232; x_wconf 89' lang='lat' dir='ltr'>est</span> 
     </span>
     <span class='ocr_line' id='line_1_28' title="bbox 251 2257 1772 2323; baseline 0.003 -21"><span class='ocrx_word' id='word_1_200' title='bbox 251 2257 389 2319; x_wconf 92' lang='lat' dir='ltr'>quod</span> <span class='ocrx_word' id='word_1_201' title='bbox 424 2273 515 2303; x_wconf 78' lang='lat' dir='ltr'>non</span> <span class='ocrx_word' id='word_1_202' title='bbox 540 2257 721 2321; x_wconf 80' lang='lat' dir='ltr'>quaerit</span> <span class='ocrx_word' id='word_1_203' title='bbox 750 2274 870 2322; x_wconf 82' lang='lat' dir='ltr'>quae</span> <span class='ocrx_word' id='word_1_204' title='bbox 905 2275 993 2305; x_wconf 74' lang='lat' dir='ltr'>sua</span> <span class='ocrx_word' id='word_1_205' title='bbox 1029 2265 1152 2314; x_wconf 75' lang='lat' dir='ltr'>sunt,</span> <span class='ocrx_word' id='word_1_206' title='bbox 1190 2262 1259 2305; x_wconf 90' lang='lat' dir='ltr'>sic</span> <span class='ocrx_word' id='word_1_207' title='bbox 1293 2258 1629 2322; x_wconf 85' lang='lat' dir='ltr'>intellegitur,</span> <span class='ocrx_word' id='word_1_208' title='bbox 1652 2263 1772 2323; x_wconf 84' lang='lat' dir='ltr'>quia</span> 
     </span>
     <span class='ocr_line' id='line_1_29' title="bbox 252 2336 1771 2397; baseline 0.003 -19"><span class='ocrx_word' id='word_1_209' title='bbox 252 2336 541 2379; x_wconf 86' lang='lat' dir='ltr'>communia</span> <span class='ocrx_word' id='word_1_210' title='bbox 580 2337 810 2396; x_wconf 88' lang='lat' dir='ltr'>propriis,</span> <span class='ocrx_word' id='word_1_211' title='bbox 849 2351 950 2380; x_wconf 88' lang='lat' dir='ltr'>non</span> <span class='ocrx_word' id='word_1_212' title='bbox 986 2337 1190 2397; x_wconf 86' lang='lat' dir='ltr'>propria</span> <span class='ocrx_word' id='word_1_213' title='bbox 1229 2336 1581 2381; x_wconf 88' lang='lat' dir='ltr'>communibus</span> <span class='ocrx_word' id='word_1_214' title='bbox 1627 2343 1771 2382; x_wconf 86' lang='lat' dir='ltr'>ante-</span> 
     </span>
     <span class='ocr_line' id='line_1_30' title="bbox 251 2409 1769 2474; baseline 0.002 -20"><span class='ocrx_word' id='word_1_215' title='bbox 251 2412 411 2471; x_wconf 89' lang='lat' dir='ltr'>ponit.</span> <span class='ocrx_word' id='word_1_216' title='bbox 436 2409 505 2455; x_wconf 89' lang='lat' dir='ltr'>Et</span> <span class='ocrx_word' id='word_1_217' title='bbox 526 2409 660 2465; x_wconf 93' lang='lat' dir='ltr'>ideo,</span> <span class='ocrx_word' id='word_1_218' title='bbox 684 2416 878 2472; x_wconf 85' lang='lat' dir='ltr'>quanto</span> <span class='ocrx_word' id='word_1_219' title='bbox 901 2409 1116 2473; x_wconf 89' lang='lat' dir='ltr'>amplius</span> <span class='ocrx_word' id='word_1_220' title='bbox 1138 2427 1247 2456; x_wconf 90' lang='lat' dir='ltr'>rem</span> <span class='ocrx_word' id='word_1_221' title='bbox 1269 2427 1594 2457; x_wconf 89' lang='lat' dir='ltr'>communem</span> <span class='ocrx_word' id='word_1_222' title='bbox 1616 2428 1769 2474; x_wconf 88' lang='lat' dir='ltr'>quam</span> 
     </span>
    </p>
   </div>
   <div class='ocr_carea' id='block_1_3' title="bbox 428 2549 1594 2593">
    <p class='ocr_par' dir='ltr' id='par_1_4' title="bbox 428 2549 1594 2593">
     <span class='ocr_line' id='line_1_31' title="bbox 428 2549 1594 2593; baseline 0.002 -3"><span class='ocrx_word' id='word_1_223' title='bbox 428 2555 445 2573; x_wconf 85' lang='lat'>‘¹</span> <span class='ocrx_word' id='word_1_224' title='bbox 479 2549 604 2590; x_wconf 83' lang='lat' dir='ltr'>Titus</span> <span class='ocrx_word' id='word_1_225' title='bbox 628 2551 671 2591; x_wconf 85' lang='lat' dir='ltr'>ii.</span> <span class='ocrx_word' id='word_1_226' title='bbox 693 2553 737 2591; x_wconf 83' lang='lat'>3.</span> <span class='ocrx_word' id='word_1_227' title='bbox 1219 2551 1235 2576; x_wconf 77' lang='lat'>²³</span> <span class='ocrx_word' id='word_1_228' title='bbox 1272 2555 1289 2592; x_wconf 95' lang='grc'>1</span> <span class='ocrx_word' id='word_1_229' title='bbox 1317 2550 1418 2592; x_wconf 86' lang='lat' dir='ltr'>Cor.</span> <span class='ocrx_word' id='word_1_230' title='bbox 1441 2553 1529 2592; x_wconf 84' lang='lat' dir='ltr'>xiii.</span> <span class='ocrx_word' id='word_1_231' title='bbox 1553 2555 1594 2593; x_wconf 90' lang='grc'>5.</span> 
     </span>
    </p>
   </div>
   <div class='ocr_carea' id='block_1_4' title="bbox 259 2617 356 2668">
    <p class='ocr_par' dir='ltr' id='par_1_5' title="bbox 259 2617 356 2668">
     <span class='ocr_line' id='line_1_32' title="bbox 259 2617 356 2668; baseline 0.01 -8"><span class='ocrx_word' id='word_1_232' title='bbox 259 2617 356 2668; x_wconf 77' lang='lat'>394</span> 
     </span>
    </p>
   </div>
  </div>
 </body>
</html>
