1866 2964
209 901 255 939 11

771 185 863 234 ST.
901 186 1309 234 AUGUSTINE

284 333 415 373 mus,
439 321 598 365 tantis
623 321 1058 382 occupationibus,
1085 336 1209 383 quas
1234 326 1358 367 tunc
1381 319 1491 367 illos
1516 336 1619 366 non
1643 313 1794 366 credo

285 387 440 436 fuisse
476 407 760 454 perpessos,
787 408 1114 455 nequaquam
1138 391 1451 438 sineremur!
1521 391 1636 439 Non
1673 407 1794 455 ergo

286 461 496 508 ulterius
519 466 572 508 in
593 462 688 509 hac
711 480 862 510 causa
883 464 1071 526 populo
1096 463 1400 519 Christiano,
1424 480 1556 526 quae
1581 463 1793 510 ecclesia

287 539 366 579 est
411 534 512 589 dei,
558 535 806 582 obiciatur
851 539 1099 598 pecuniae
1146 539 1466 599 turpissimus
1513 538 1791 598 appetitus,

285 604 616 653 Tolerabilius
649 610 785 653 enim
816 608 959 654 nobis
991 609 1225 663 obicitur,
1254 611 1308 654 in
1339 624 1463 671 quos
1494 606 1642 654 huius
1673 606 1794 653 mali

287 681 514 740 quamtis
531 676 674 734 falsa,
686 686 863 726 tamen
878 680 1158 726 verisimilis
1175 682 1390 742 suspicio
1408 680 1591 726 cadere
1606 681 1795 742 potuit,

287 764 440 810 quam
486 749 580 796 illis
626 767 750 813 quos
795 751 859 797 ab
907 750 1002 797 hoc
1046 754 1283 814 appetitu
1327 757 1381 797 et
1429 768 1459 797 a
1507 752 1793 814 suspicione

286 827 488 868 constat
512 821 717 869 alienOS.

349 892 623 957 Denegare
667 901 841 941 autem
882 898 1189 941 iurationem
1231 894 1461 957 qualibet
1509 894 1609 941 fide
1649 910 1795 957 prae-

287 964 420 1010 ditas
446 973 666 1022 mentes,
693 974 886 1029 quanto
910 970 1073 1030 magis
1101 967 1200 1013 fide
1227 966 1531 1023 Christiana,
1556 983 1659 1013 non
1683 966 1795 1013 dico

287 1035 479 1100 aliquid
510 1042 819 1085 contrarium
845 1039 1160 1094 confirmare,
1186 1039 1278 1086 sed
1308 1042 1513 1085 omnino
1539 1039 1793 1094 dubitare,

285 1106 361 1154 fas
407 1126 510 1155 non
556 1116 649 1156 est.
721 1110 802 1157 De
849 1127 951 1174 qua
994 1127 1049 1156 re
1096 1111 1220 1174 quid
1266 1114 1504 1166 sentiam,
1550 1113 1691 1166 satis,
1736 1116 1796 1156 ut

287 1180 521 1236 arbitror,
546 1184 600 1226 in
632 1182 851 1244 epistula
884 1198 1037 1245 quam
1066 1183 1131 1229 ad
1163 1181 1375 1229 fratrem
1401 1199 1576 1228 meum
1602 1184 1795 1244 scripsi,

284 1251 576 1314 planissime
604 1257 795 1316 aperui.
865 1252 1074 1317 Scripsit
1099 1253 1223 1299 mihi
1249 1257 1493 1300 sanctitas
1519 1260 1611 1300 tua
1634 1270 1645 1299 :
1690 1252 1718 1268 ‘⁴
1743 1251 1796 1298 Si

287 1330 378 1370 aut
399 1340 495 1387 ego
517 1331 606 1370 aut
628 1324 1004 1388 Hipponienses
1025 1324 1120 1372 hoc
1141 1332 1370 1381 censent,
1390 1332 1449 1371 ut
1468 1328 1564 1371 iuri
1582 1324 1795 1371 iurando

287 1395 536 1441 violenter
583 1403 786 1443 extorto
833 1401 955 1444 satis
1003 1395 1144 1443 fiat.''
1212 1396 1290 1442 Tu
1337 1399 1472 1443 enim
1517 1399 1627 1459 ipsa
1672 1395 1796 1459 quid

287 1467 504 1513 censes?
574 1466 816 1515 Placetne
859 1470 971 1524 tibi,
1013 1476 1072 1515 ut
1115 1472 1272 1515 etiam
1313 1475 1455 1515 certa
1495 1475 1662 1514 morte
1703 1471 1795 1514 im-

284 1542 533 1595 minente,
583 1540 721 1602 quod
768 1548 891 1587 tunc
938 1543 1160 1587 inaniter
1206 1540 1557 1595 metuebatur,
1605 1556 1795 1586 nomen

287 1611 479 1657 domini
525 1611 608 1658 dei
654 1615 731 1659 sui
777 1616 830 1659 in
875 1611 1129 1659 fallaciam
1176 1611 1491 1658 Christianus
1539 1612 1796 1667 adsumat,

287 1682 442 1729 deum
481 1698 629 1729 suum
668 1691 859 1731 testem
898 1683 1112 1731 falsitati
1152 1683 1467 1730 Christianus
1509 1682 1793 1731 adhibeat?

287 1752 389 1812 Qui
421 1753 652 1816 profecto
686 1759 726 1802 si
758 1764 965 1819 praeter
996 1759 1303 1802 iurationem
1337 1756 1402 1802 ad
1433 1754 1618 1802 falsum
1650 1758 1796 1802 testi-

285 1829 513 1872 monium
535 1834 701 1874 morte
723 1831 1025 1875 imminente
1049 1834 1337 1891 cogeretur,
1358 1827 1614 1874 maculare
1636 1830 1795 1874 vitam

285 1913 430 1943 suam
473 1902 636 1962 magis
682 1902 866 1946 timere
913 1900 1093 1947 debuit
1138 1916 1292 1962 quam
1338 1899 1497 1946 finire.
1567 1897 1794 1946 Hostiles

285 1972 420 2016 inter
455 1986 509 2016 se
547 1974 679 2017 acies
718 1978 771 2018 et
808 1979 1036 2018 armatae
1074 1979 1213 2019 certe
1263 1974 1583 2034 apertissima
1616 1973 1794 2017 mortis

285 2044 574 2088 intentione
601 2042 897 2107 confligunt,
925 2051 979 2090 et
1003 2050 1198 2100 tamen,
1224 2060 1339 2090 cum
1363 2047 1582 2090 invicem
1606 2046 1796 2098 iurant,

286 2112 552 2160 laudamus
597 2114 750 2161 fidem
792 2122 1072 2171 servantes,
1114 2114 1351 2162 fallentes
1395 2122 1570 2162 autem
1610 2118 1795 2161 merito

287 2184 621 2232 detestamur.
694 2186 767 2233 Ut
801 2194 976 2233 autem
1009 2190 1254 2243 iurarent,
1289 2188 1413 2250 quid
1446 2195 1697 2250 utraeque
1732 2187 1796 2233 ab

286 2256 544 2303 alterutris
585 2260 680 2304 nisi
721 2258 879 2305 occidi
920 2258 1000 2304 vel
1040 2262 1152 2321 capi
1192 2259 1519 2306 timuerunt?
1589 2260 1665 2306 Ac
1704 2275 1797 2322 per

284 2326 379 2374 hoc
400 2328 479 2374 vel
499 2332 675 2375 mortis
697 2329 776 2375 vel
797 2333 1108 2393 captivitatis
1129 2337 1274 2377 metu
1296 2337 1531 2378 extortae
1556 2333 1795 2377 iurationi

347 2503 366 2521 ‘²
399 2497 481 2538 His
508 2497 633 2539 letter
659 2502 705 2539 to
733 2498 940 2551 Alypius,
963 2498 1045 2551 Ep.
1068 2513 1209 2546 cxxv„
1231 2499 1481 2553 discussing
1509 2499 1609 2541 how
1635 2500 1704 2540 far
1732 2513 1791 2540 an

291 2552 396 2592 oath
419 2554 453 2592 is
475 2552 677 2606 binding.

294 2623 389 2663 244-
