1866 2964
667 166 759 213 ST.
797 166 1206 214 AUGUSTINE

179 303 356 355 stensi,
396 317 497 346 non
535 299 696 347 habet
734 302 829 346 nisi
868 300 1114 363 gaudium
1153 300 1274 346 boni
1312 303 1478 363 operis
1517 303 1691 357 vestri,

179 382 248 424 sic
292 386 345 425 et
388 378 751 441 Hipponiensis
796 385 849 425 et
891 378 1163 425 cuiuslibet
1205 379 1413 426 alterius
1454 379 1567 436 loci,
1603 380 1690 426 ubi

177 455 234 502 de
259 473 521 503 mammona
558 455 819 521 iniquitatis
855 457 1046 504 domini
1081 464 1362 521 praecepta
1392 456 1584 505 fecistis
1610 458 1690 505 vel

179 538 300 581 estis
338 536 647 598 ubicumque
682 534 882 582 facturi.
954 535 1070 582 Non
1105 552 1227 600 ergo
1260 535 1496 599 populus,
1530 543 1589 583 ut
1624 537 1689 583 de

176 621 324 660 tanto
370 617 475 660 viro
523 613 765 660 ecclesiae
812 613 1101 660 consuleret
1145 631 1287 670 suae,
1332 614 1687 662 ardentissime

177 691 416 755 flagitans
450 708 597 738 suum
630 695 982 755 pecuniarium
1015 693 1340 740 commodum
1373 696 1626 756 quaesivit
1659 711 1689 740 a

175 771 333 826 vobis,
367 770 458 817 sed
491 778 717 817 vestrum
750 774 1000 834 pecuniae
1033 778 1390 834 contemptum
1423 771 1605 819 dilexit
1635 775 1688 819 in

176 850 331 895 vobis.
384 849 516 895 Nam
534 852 574 895 si
589 852 641 895 in
660 866 743 896 me
761 849 1054 896 dilexerunt
1071 850 1209 913 quod
1228 850 1498 897 audierant
1512 854 1686 914 paucis

179 928 408 991 agellulis
444 931 672 990 paternis
710 931 1019 991 contemptis
1058 929 1124 976 ad
1165 929 1249 976 dei
1284 929 1499 976 liberam
1535 932 1687 976 servi-

175 1013 344 1052 tutem
370 1023 453 1053 me
478 1005 634 1053 fuisse
661 1023 977 1063 conversum,
1003 1024 1172 1070 neque
1197 1011 1250 1054 in
1273 1007 1369 1054 hoc
1393 1008 1686 1055 inviderunt

176 1084 418 1131 ecclesiae
455 1085 775 1149 Tagastensi,
815 1102 946 1148 quae
983 1086 1196 1133 carnalis
1232 1089 1400 1149 patria
1434 1103 1553 1133 mea
1589 1093 1685 1143 est,

173 1163 281 1218 sed,
302 1180 417 1210 cum
436 1163 521 1210 illa
540 1163 664 1210 mihi
689 1164 985 1211 clericatum
1011 1182 1113 1211 non
1136 1167 1462 1228 inposuisset,
1479 1154 1703 1228 quando·

172 1249 472 1304 potuerunt,
519 1241 816 1289 habendum
863 1246 1176 1299 invaserunt,
1226 1250 1419 1307 quanto
1467 1243 1685 1307 flagran—

171 1324 271 1366 tius
292 1324 344 1366 in
364 1327 536 1367 nostro
557 1320 769 1368 Piniano
791 1338 962 1368 amare
982 1329 1265 1385 potuerunt
1284 1329 1486 1369 tantam
1505 1322 1684 1369 mundi

169 1402 313 1445 istius
352 1399 709 1461 cupiditatem,
740 1406 914 1446 tantas
951 1417 1092 1463 opes,
1124 1407 1326 1447 tantam
1358 1417 1503 1464 spem
1533 1407 1684 1448 tanta

169 1481 496 1524 conversione
516 1485 811 1541 superatam
831 1484 988 1542 atque
1007 1478 1255 1526 calcatam
1280 1479 1288 1526 !
1358 1479 1470 1543 Ego
1491 1482 1681 1543 quippe

170 1557 450 1603 secundum
493 1556 772 1603 multorum
816 1574 1021 1604 sensum
1065 1561 1472 1621 comparantium
1515 1566 1682 1606 semet

167 1638 301 1697 ipsos
351 1635 558 1681 sibimet
606 1638 725 1698 ipsis
775 1652 877 1682 non
927 1636 1128 1683 divitias
1179 1636 1446 1693 dimisisse,
1482 1637 1574 1684 sed
1615 1637 1682 1685 ad

168 1713 368 1760 divitias
393 1713 567 1760 videor
590 1717 803 1761 venisse.
873 1714 971 1761 Vix
997 1718 1133 1761 enim
1155 1718 1401 1779 vigesima
1429 1716 1680 1779 particula

166 1808 246 1838 res
281 1809 397 1838 mea
432 1799 650 1855 paterna
687 1796 968 1839 existimari
1002 1800 1177 1856 potest
1210 1797 1263 1840 in
1297 1797 1678 1857 comparatione

166 1871 490 1933 praediorum
524 1871 785 1928 ecclesiae,
818 1889 950 1935 quae
983 1889 1117 1918 nunc
1149 1879 1207 1919 ut
1239 1873 1472 1919 dominus
1506 1876 1679 1919 existi-

165 1966 275 1995 mor
309 1950 585 2012 possidere.
658 1949 718 1995 In
755 1951 986 2013 qualibet
1023 1957 1198 1997 autem
1224 1953 1448 1998 maxime
1483 1950 1678 1998 Africa-

164 2045 344 2074 narum
372 2028 697 2075 ecclesiarum
723 2028 804 2075 hie
829 2036 1002 2076 noster
1027 2047 1128 2076 non
1154 2030 1265 2076 dico
1290 2030 1562 2094 presbyter
1584 2030 1676 2078 sed

165 2109 428 2169 episcopus
449 2109 531 2162 sit,
551 2115 873 2170 comparatus
892 2110 1116 2170 pristinis
1137 2109 1316 2171 opibus
1335 2111 1455 2164 suis,
1475 2111 1675 2156 etiamsi

163 2188 331 2231 animo
367 2185 675 2232 dominantis
712 2189 895 2250 egerit,
929 2189 1283 2249 pauperrimus
1319 2190 1431 2234 erit.
1503 2185 1674 2234 Multo

163 2279 283 2326 ergo
317 2263 556 2326 liquidius
591 2271 645 2310 et
678 2268 902 2310 securius
936 2268 987 2310 in
1021 2264 1115 2311 hoc
1150 2272 1352 2312 amatur
1385 2264 1673 2313 Christiana

158 2349 454 2404 paupertas,
501 2345 551 2388 in
599 2359 700 2405 quo
746 2342 887 2389 nulla
932 2360 1103 2389 rerum
1151 2343 1451 2406 ampliorum
1497 2351 1672 2407 potest

158 2423 328 2483 putari
364 2420 631 2482 cupiditas.
703 2421 813 2467 Hoc
850 2422 1084 2468 accendit
1120 2425 1313 2468 animos
1348 2422 1540 2485 populi,
1574 2421 1670 2469 hoc

268 2545 286 2563 ⁰
320 2539 450 2581 Luke
472 2542 557 2582 xvi.
581 2544 621 2582 9.
1034 2541 1049 2566 ⁶
1080 2544 1105 2582 2
1128 2541 1229 2582 Cor.
1252 2556 1294 2582 x.
1321 2544 1385 2584 12.

163 2604 258 2654 236
