1866 2964
198 610 221 647 [ὓ

726 157 816 204 ST.
856 156 1264 204 AUGUSTINE

243 307 328 337 vos
363 293 519 337 etiam
552 297 850 352 praesentes
883 288 1075 335 habere
1107 291 1314 344 meruit,
1347 288 1412 335 de
1446 287 1629 351 quibus
1663 286 1750 333 ab-

245 369 492 424 sentibus,
537 385 652 414 cum
699 368 752 415 id
800 368 936 431 quod
984 370 1092 414 nati
1142 370 1263 414 estis
1308 373 1362 413 et
1405 365 1541 429 quod
1583 368 1751 429 gratia

246 446 432 493 Christi
457 445 579 493 facti
605 449 743 502 estis,
768 446 985 501 audiret,
1009 448 1237 509 quamvis
1261 448 1476 491 caritate
1499 444 1752 499 crederet,

247 532 423 571 tamen
448 541 513 571 ne
540 541 641 571 non
662 525 972 579 crederetur,
999 540 1204 570 narrare
1223 522 1437 570 forsitan
1461 522 1749 569 verebatur.

313 603 495 649 Dicam
531 606 687 666 igitur
724 619 881 666 quare
918 619 1020 648 non
1050 605 1277 648 venerim
1309 608 1362 648 et
1393 601 1575 664 quibus
1606 599 1751 646 malis

246 698 275 727 a
307 689 457 728 tanto
489 681 623 728 bono
655 681 932 743 impeditus
966 697 1095 736 sum,
1129 688 1187 727 ut
1219 697 1321 727 non
1354 679 1516 726 solum
1549 696 1579 725 a
1610 678 1751 725 vobis

246 763 464 815 veniam,
498 759 589 806 sed
622 763 779 806 etiam
812 763 991 806 vestris
1029 759 1341 806 orationibus
1368 759 1432 805 ab
1461 757 1545 804 illo
1582 760 1669 820 qui
1700 759 1753 802 in

248 839 386 885 vobis
415 838 551 901 quod
573 841 619 884 ei
645 841 828 894 vivitis,
847 845 1105 900 operatur,
1123 854 1322 884 merear
1338 835 1749 883 misericordiam.

250 916 470 980 Populus
491 916 870 979 Hipponiensis,
892 920 971 963 cui
996 932 1079 963 me
1105 916 1337 963 dominus
1363 931 1566 962 servum
1590 913 1752 969 dedit,

248 1012 363 1042 cum
386 1012 449 1041 ex
470 1012 658 1058 magna
681 1012 737 1041 ac
758 1011 891 1058 pene
915 1011 978 1041 ex
1001 998 1137 1041 omni
1158 1001 1305 1057 parte
1327 997 1400 1041 ita
1420 993 1647 1040 infirmus
1669 995 1752 1047 sit,

250 1082 307 1121 ut
328 1090 562 1136 pressura
586 1077 743 1120 etiam
765 1073 962 1120 levioris
985 1073 1325 1120 tribulationis
1347 1074 1508 1135 possit
1529 1074 1754 1135 graviter

249 1159 534 1215 aegrotare,
561 1169 694 1198 nunc
724 1159 831 1198 tam
860 1169 1048 1215 magna
1073 1151 1402 1198 tribulatione
1425 1150 1672 1206 caeditur,
1695 1156 1753 1195 ut

250 1234 407 1277 etiam
437 1234 478 1276 si
508 1247 609 1276 non
639 1234 709 1276 sic
743 1237 880 1276 esset
906 1230 1150 1286 infirmus,
1178 1233 1261 1276 vix
1295 1246 1411 1275 eam
1436 1246 1551 1276 cum
1585 1227 1754 1291 aliqua

249 1308 413 1355 salute
446 1312 599 1355 animi
625 1312 914 1355 sustineret.
982 1309 1115 1355 Eum
1141 1316 1333 1364 autem,
1358 1325 1474 1355 cum
1497 1307 1649 1354 modo
1678 1323 1754 1352 re-

248 1405 449 1451 gressus
487 1405 615 1443 sum,
640 1387 1060 1450 periculosissime
1098 1386 1495 1434 scandalizatum
1532 1388 1752 1447 comperi

251 1467 313 1513 de
341 1466 573 1512 absentia
598 1483 713 1512 mea
740 1481 751 1522 ;
789 1469 968 1513 vestris
995 1473 1170 1512 autem
1207 1466 1271 1513 de
1305 1482 1519 1529 quorum
1544 1462 1756 1527 spiritali

251 1545 429 1590 robore
467 1544 750 1608 gaudemus
788 1548 841 1590 in
878 1545 1100 1600 domino,
1138 1547 1271 1590 sanis
1310 1547 1488 1607 utique
1525 1542 1755 1589 faucibus

251 1626 384 1684 sapit
409 1639 508 1685 quo
532 1623 683 1669 modo
708 1622 901 1669 dictum
926 1626 991 1669 sit
1015 1639 1025 1669 ι
1069 1622 1188 1675 Quis
1210 1622 1475 1686 infirmatur
1496 1628 1538 1668 et
1559 1637 1644 1685 ego
1666 1637 1757 1667 non

251 1700 499 1763 infirmor?
566 1700 684 1753 Quis
718 1699 1068 1762 scandalizatur
1103 1708 1145 1747 et
1171 1717 1254 1764 ego
1290 1717 1381 1747 non
1408 1717 1517 1747 uror
1535 1700 1577 1756 ,9,
1613 1715 1759 1762 prae-

254 1782 429 1825 sertim
456 1782 695 1841 quoniam
725 1778 873 1825 multi
903 1762 1021 1826 sunt
1051 1778 1131 1824 hic
1162 1783 1248 1842 qui
1273 1778 1590 1826 detrahendo
1615 1778 1758 1824 nobis

253 1864 540 1903 ceterorum
571 1860 763 1903 animas
793 1874 821 1903 a
849 1858 1030 1920 quibus
1068 1857 1209 1921 diligi
1245 1858 1492 1913 videmur,
1519 1857 1758 1904 adversus

255 1952 343 1981 nos
387 1935 689 1997 perturbare
732 1943 998 1992 conantur,
1042 1943 1100 1982 ut
1142 1935 1308 1982 locum
1349 1939 1402 1982 in
1446 1939 1516 1982 eis
1559 1934 1759 1982 diabolo

254 2012 458 2059 faciant.
543 2012 671 2059 Cum
721 2021 896 2060 autem
934 2017 1220 2061 irascuntur
1258 2014 1400 2060 nobis
1441 2014 1505 2061 de
1545 2030 1759 2077 quorum

255 2090 419 2137 salute
451 2095 748 2155 satagimus,
779 2108 1024 2155 magnum
1054 2091 1148 2138 illis
1181 2092 1442 2139 consilium
1473 2092 1759 2139 vindicandi

256 2177 334 2216 est
363 2168 518 2216 libido
546 2170 795 2216 moriendi
826 2187 927 2216 non
956 2173 1008 2216 in
1038 2187 1246 2233 corpore
1276 2171 1367 2218 sed
1395 2174 1447 2217 in
1476 2170 1644 2226 corde,
1673 2171 1760 2217 ubi

254 2246 404 2293 funus
431 2247 627 2294 occulte
653 2251 790 2310 prius
817 2265 907 2294 suo
933 2255 1117 2311 putore
1144 2252 1381 2305 sentitur,
1409 2265 1562 2312 quam
1588 2255 1761 2295 nostra

255 2329 565 2389 cogitatione
632 2329 951 2388 prospicitur.
1023 2326 1155 2373 Huic
1222 2343 1371 2374 meae
1439 2326 1762 2374 sollicitudini

867 2533 893 2571 2
915 2530 1015 2572 Cor.
1038 2533 1094 2573 xi.
1116 2533 1186 2573 29.

264 2622 361 2663 220
