1866 2964
783 187 875 236 ST.
912 186 1319 235 AUGUSTINE

298 323 418 377 tuis,
439 322 502 368 ab
520 320 616 367 hoc
635 337 720 367 eos
740 337 919 367 sanare
938 323 1142 366 metuis.
1211 319 1263 366 Si
1282 327 1457 367 autem
1475 327 1583 366 tam
1602 321 1805 382 potenti

297 392 466 435 animo
491 406 562 445 es,
585 396 643 435 ut
668 396 722 435 et
746 405 1022 453 agnoscere
1045 387 1179 434 hunc
1200 387 1442 452 laqueum
1467 395 1521 435 et
1545 404 1605 434 eo
1628 394 1806 450 captos

294 457 515 504 inridere
531 457 718 513 valeas,
735 473 799 503 ne
817 464 875 503 tu
891 473 1106 520 magnus
1124 463 1280 519 atque
1298 455 1438 503 alius.
1466 456 1578 520 Ego
1595 455 1803 519 quidem

297 526 542 588 quamdiu
592 525 826 572 desidero
877 525 1165 580 absentem,
1215 525 1493 571 desiderari
1541 540 1625 570 me
1674 522 1803 570 volo.

298 592 513 657 Invigilo
560 600 755 648 tamen,
794 600 1046 656 quantum
1095 609 1246 655 queo,
1285 600 1339 639 et
1385 595 1538 647 nitor,
1576 598 1636 639 ut
1681 589 1805 637 nihil

297 678 484 717 amem,
512 662 649 724 quod
678 662 857 707 abesse
887 678 915 706 a
942 677 1025 706 me
1053 663 1213 707 invito
1239 667 1430 723 potest.
1499 659 1651 719 Quod
1682 659 1805 706 dum

295 730 474 785 officio,
507 745 805 775 commoneo
842 736 896 775 te
933 731 1158 784 interim,
1191 728 1575 791 qualiscumque
1611 731 1694 784 sis,
1729 730 1806 773 in-

296 796 534 844 choatam
558 804 732 844 tecum
757 797 1160 859 disputationem
1182 796 1565 859 perficiendam,
1589 799 1630 842 si
1653 811 1805 842 curae

296 866 554 912 nobismet
576 868 696 928 ipsis
722 881 910 911 sumus.
981 864 1114 910 Nam
1140 881 1254 911 eam
1279 881 1395 911 cum
1420 863 1607 928 Alypio
1631 863 1806 927 perfici

295 950 624 996 nequaquam
680 936 919 988 sinerem,
976 936 1133 979 etiam
1190 935 1231 979 si
1286 932 1458 979 vellet.
1527 932 1642 978 Non
1697 930 1806 978 vult

293 1009 469 1048 autem
494 1017 504 1057 ;
554 1018 656 1047 non
687 1004 823 1047 enim
856 1007 935 1047 est
965 1000 1301 1047 humanitatis
1333 1004 1440 1047 eius
1471 1017 1573 1047 non
1602 1016 1805 1046 mecum

294 1086 503 1132 operam
531 1069 673 1125 dare,
700 1076 759 1115 ut
785 1072 838 1114 in
866 1086 1020 1132 quam
1046 1068 1221 1115 multis
1247 1085 1511 1131 possemus
1537 1068 1723 1115 litteris
1750 1074 1805 1114 te

294 1139 557 1184 nobiscum
575 1145 845 1184 teneamus
863 1140 1032 1183 nescio
1051 1154 1153 1200 qua
1170 1140 1479 1183 necessitate
1498 1135 1803 1200 fugientem.

868 1384 962 1431 No.
991 1390 1019 1430 2
1046 1383 1160 1448 (Ep.
1191 1383 1282 1448 IV)

679 1503 990 1545 NEBRIDIO
1021 1503 1432 1546 AUGUSTINUS

253 1609 267 1648 ]
366 1602 558 1648 Mirum
600 1602 876 1648 admodum
920 1608 1016 1657 est,
1058 1619 1212 1665 quam
1252 1601 1377 1648 mihi
1415 1609 1623 1665 praeter
1662 1619 1807 1666 spem

300 1673 549 1725 evenerit,
591 1670 746 1732 quod,
787 1687 902 1716 cum
944 1673 1165 1732 requiro,
1207 1671 1391 1733 quibus
1433 1670 1663 1734 epistulis
1704 1674 1806 1717 tuis

295 1737 419 1784 mihi
437 1738 851 1801 respondendum
870 1741 1193 1794 remanserit,
1218 1755 1372 1784 unam
1396 1745 1601 1785 tantum
1619 1741 1808 1794 inveni,

297 1823 429 1869 quae
449 1822 532 1852 me
554 1805 719 1852 adhuc
739 1806 1026 1852 debitorem
1046 1813 1269 1862 teneret,
1290 1823 1391 1870 qua
1409 1810 1561 1869 petis,
1581 1814 1640 1853 ut
1658 1813 1806 1853 tanto

297 1881 470 1921 nostro
493 1877 616 1930 otio,
640 1881 891 1937 quantum
916 1890 1026 1920 esse
1051 1875 1308 1921 arbitraris
1332 1881 1504 1921 tecum
1529 1882 1619 1921 aut
1641 1875 1808 1921 nobis-

360 2029 378 2048 α
411 2023 604 2076 Alypius
640 2037 730 2064 was
778 2024 906 2072 born,
943 2024 1035 2065 like
1082 2025 1351 2078 Augustine,
1388 2030 1435 2066 at
1481 2025 1689 2079 Tagaste,
1726 2026 1809 2067 but

302 2092 392 2119 was
417 2078 597 2131 slightly
625 2093 842 2131 younger.
904 2079 974 2120 He
997 2079 1209 2120 attended
1234 2081 1527 2133 Augustine's
1551 2081 1737 2122 lectures
1763 2083 1808 2122 in

303 2133 543 2185 Carthage,
574 2134 757 2174 became
786 2148 812 2173 a
846 2133 1084 2174 Manichee
1112 2135 1240 2175 when
1271 2135 1326 2175 he
1355 2134 1448 2183 did,
1478 2135 1683 2176 followed
1713 2136 1807 2176 him

301 2193 348 2229 to
376 2187 493 2240 Italy
519 2187 608 2228 and
634 2201 724 2227 was
750 2192 928 2240 present
952 2188 1117 2241 during
1142 2189 1217 2229 the
1241 2189 1442 2242 struggle
1465 2190 1563 2230 that
1589 2190 1807 2242 preceded

303 2243 595 2295 Augustine's
613 2245 889 2283 conversion.
949 2243 1075 2295 They
1096 2257 1208 2284 were
1231 2243 1440 2296 baptized
1463 2245 1682 2297 together,
1701 2245 1808 2286 then

303 2297 464 2338 shared
491 2298 566 2337 the
593 2299 812 2337 monastic
841 2297 915 2337 life
942 2302 988 2337 at
1014 2298 1207 2350 Tagaste
1231 2299 1348 2338 from
1373 2302 1452 2340 391
1481 2304 1527 2340 to
1553 2303 1652 2348 394,
1679 2301 1808 2342 when

305 2352 498 2403 Alypius
537 2351 695 2392 visited
735 2352 762 2392 J
768 2366 915 2392 erome
958 2356 1004 2392 at
1050 2352 1324 2393 Bethlehem.
1385 2353 1578 2406 Alypius
1624 2355 1808 2397 became

303 2406 465 2458 bishop
485 2407 536 2446 of
550 2406 744 2457 Tagaste
764 2419 887 2446 some
907 2406 1086 2446 months
1106 2407 1258 2447 before
1278 2408 1570 2460 Augustine's
1589 2409 1808 2451 elevation

304 2466 351 2501 to
373 2461 541 2512 Hippo,
563 2460 652 2500 and
674 2460 776 2500 held
797 2461 895 2501 that
915 2465 1015 2512 post
1034 2461 1100 2501 till
1121 2461 1188 2501 his
1209 2461 1343 2502 death
1364 2462 1504 2503 about
1522 2467 1620 2505 430.

368 2516 384 2540 ὓ
416 2515 672 2561 Nebridius‚
723 2515 832 2554 born
892 2529 999 2555 near
1055 2516 1293 2567 Carthage‚
1343 2516 1431 2557 had
1488 2518 1807 2570 accompanied

311 2570 566 2621 Augustine
596 2574 641 2609 to
673 2570 815 2609 Rome
837 2569 927 2609 and
961 2569 1120 2617 Milan,
1143 2571 1166 2586 “
1183 2571 1253 2610 for
1282 2584 1340 2610 no
1364 2571 1490 2612 other
1516 2586 1670 2613 reason
1698 2573 1808 2613 than

308 2642 338 2681 4
