1850 2964
753 159 843 207 ST.
882 159 1292 208 AUGUSTINE

265 299 324 340 ut
359 292 594 340 occidant
630 290 880 349 homines,
912 293 1004 340 sed
1039 299 1098 339 ut
1135 297 1438 356 expugnent
1466 290 1706 356 principes
1736 298 1780 339 et

259 381 512 439 potestates
553 381 595 422 et
636 374 872 439 spiritalia
912 374 1163 440 nequitiae,
1204 375 1259 422 id
1301 381 1380 421 est
1422 373 1682 422 diabolum
1724 380 1779 421 et

267 457 473 522 angelos
505 461 626 504 eius.
697 458 804 504 Hos
836 461 971 504 enim
999 456 1173 504 hostes
1203 460 1366 504 sancti
1394 459 1622 513 vincunt,
1651 473 1777 520 quos

266 541 438 587 videre
485 557 586 586 non
628 547 878 603 possunt3
941 547 995 586 et
1042 547 1237 595 tamen,
1283 556 1409 603 quos
1451 556 1555 586 non
1601 539 1780 586 vident

266 626 493 678 vincunt,
521 626 622 669 ista
650 623 899 670 vincendo
930 639 1062 686 quae
1093 625 1340 669 sentiunt.
1411 620 1514 669 Sed
1541 628 1602 668 ut
1629 628 1684 668 te
1715 620 1781 668 ad

265 708 417 752 istam
442 708 601 751 vitam
627 722 729 752 non
756 704 1014 761 exhorter,
1040 708 1260 752 coniunx
1284 704 1657 767 impedimento
1683 709 1781 759 est,

267 791 375 834 sine
418 791 559 834 cuius
603 791 933 834 consensione
977 791 1304 834 continenter
1345 787 1442 834 tibi
1483 803 1587 834 non
1626 785 1780 833 liceat

266 874 454 926 vivere,
488 874 624 934 quia,
659 873 756 917 etsi
788 878 847 917 tu
881 887 995 917 eam
1027 877 1145 933 post
1183 868 1268 916 illa
1300 876 1392 916 tua
1422 869 1581 916 verba
1609 868 1782 915 Tubu-

266 956 443 1000 nensia
491 954 677 1000 ducere
724 970 826 1000 non
872 953 1117 1009 debebas,
1162 951 1248 998 illa
1293 953 1389 999 tibi
1433 959 1612 999 tamen
1656 949 1782 997 nihil

268 1052 443 1084 eorum
464 1039 625 1082 sciens
644 1039 945 1082 innocenter
966 1042 1020 1082 et
1045 1034 1342 1098 simpliciter
1360 1037 1550 1098 nupsit.
1604 1034 1782 1097 Atque

267 1122 465 1165 utinam
502 1135 676 1182 posses
716 1121 762 1165 ei
799 1118 1110 1181 persuadere
1149 1120 1540 1173 continentiam,
1577 1123 1637 1163 ut
1673 1119 1782 1163 sine

266 1201 639 1264 impedimento
664 1201 906 1248 redderes
926 1201 1022 1248 deo
1042 1200 1179 1264 quod
1195 1207 1249 1247 te
1269 1200 1459 1247 debere
1487 1201 1747 1264 cognoscis
1771 1198 1782 1245 l

268 1283 371 1331 Sed
400 1287 440 1330 si
470 1301 585 1330 cum
614 1283 700 1330 illa
731 1300 884 1348 agere
914 1301 1017 1330 non
1052 1290 1219 1346 potes,
1249 1299 1395 1329 serva
1424 1281 1608 1329 saltem
1637 1281 1785 1345 pudi-

269 1369 442 1413 citiam
478 1366 799 1431 coniugalem
837 1374 890 1413 et
924 1383 1049 1430 roga
1085 1366 1258 1422 deum,
1295 1367 1383 1429 qui
1417 1371 1472 1412 te
1508 1365 1573 1412 de
1608 1380 1784 1411 neces-

270 1451 507 1496 sitatibus
555 1457 720 1506 eruat,
765 1456 841 1505 ut,
887 1449 1025 1512 quod
1069 1465 1172 1495 non
1215 1455 1364 1511 potes
1408 1447 1579 1503 modo,
1622 1448 1784 1510 possis

270 1531 558 1595 aliquando.
602 1531 794 1578 Verum
810 1539 1005 1587 tamen,
1023 1538 1081 1578 ut
1098 1531 1253 1578 deum
1270 1529 1469 1594 diligas,
1484 1546 1587 1576 non
1602 1528 1784 1594 diligas

268 1615 517 1661 mundum
543 1630 554 1670 ;
597 1621 656 1661 ut
679 1617 730 1660 in
755 1617 874 1677 ipsis
899 1613 1063 1669 bellis,
1089 1616 1128 1660 si
1155 1612 1319 1660 adhuc
1342 1615 1396 1659 in
1421 1615 1492 1659 eis
1516 1618 1571 1659 te
1595 1614 1785 1659 versari

270 1713 395 1760 opus
421 1704 516 1752 est,
541 1696 695 1744 fidem
717 1703 916 1752 teneas,
939 1712 1119 1759 pacem
1144 1711 1359 1759 quaeras
1383 1710 1395 1751 3
1436 1701 1496 1742 ut
1519 1711 1583 1741 ex
1604 1693 1784 1741 mundi

269 1780 414 1826 bonis
446 1778 601 1825 facias
633 1795 789 1842 opera
819 1780 953 1826 bona
986 1785 1039 1825 et
1069 1785 1280 1841 propter
1309 1777 1489 1824 mundi
1517 1777 1654 1824 bona
1682 1792 1785 1822 non

271 1860 427 1908 facias
476 1878 632 1924 opera
677 1861 830 1917 mala,
879 1868 969 1907 aut
1015 1877 1118 1907 non
1163 1860 1382 1923 impedit
1427 1862 1648 1906 coniunx
1695 1865 1786 1905 aut

271 1944 519 2007 impedire
560 1961 662 1990 non
697 1944 871 1991 debet.
942 1943 1087 1990 Haec
1123 1943 1188 1989 ad
1222 1949 1295 1998 te,
1331 1941 1399 1988 fili
1435 1941 1783 1996 dilectissime,

271 2034 329 2073 ut
359 2028 650 2082 scriberem,
680 2029 864 2072 caritas
892 2028 1056 2081 iussit,
1087 2041 1187 2088 qua
1216 2031 1270 2071 te
1301 2024 1581 2071 secundum
1611 2023 1785 2078 deum,

270 2126 372 2155 non
397 2109 678 2155 secundum
703 2107 798 2155 hoc
829 2107 1087 2154 saeculum
1119 2106 1292 2171 diligo,
1319 2109 1439 2170 quia
1470 2113 1524 2153 et
1553 2108 1784 2170 cogitans

272 2192 409 2254 quod
446 2194 691 2254 seriptum
731 2198 840 2237 est:
894 2189 1085 2254 Corripe
1120 2189 1372 2254 sapientem
1415 2195 1458 2236 et
1505 2186 1679 2234 amabit
1726 2193 1784 2243 te,

270 2273 448 2337 corripe
467 2273 652 2320 stultum
675 2280 716 2319 et
737 2272 902 2319 adiciet
922 2271 1075 2319 odisse
1094 2278 1152 2328 te,
1172 2289 1273 2318 non
1293 2278 1347 2318 te
1368 2273 1547 2334 utique
1568 2268 1784 2316 stultum

272 2356 363 2402 sed
389 2359 678 2418 sapientem
703 2356 859 2402 debui
884 2357 1128 2418 cogitare.

337 2475 355 2493 ‘¹
389 2469 505 2522 Eph.
528 2471 585 2510 vi.
615 2472 678 2510 12.
834 2468 849 2492 ¹⁷
885 2468 1017 2510 7Matt.
1041 2482 1139 2510 xxv.
1162 2471 1232 2509 41.
1400 2472 1414 2491 ⁰
1448 2465 1577 2508 Prov.
1599 2467 1657 2507 ix.
1680 2467 1722 2507 8.

286 2596 383 2645 436
