1866 2964
766 194 857 243 ST.
895 193 1307 242 AUGUSTINE

768 328 862 375 No.
889 333 950 375 43
977 327 1092 391 (Ep.
1121 326 1303 390 CXCI)

290 441 550 484 DOMINO
573 440 969 483 VENERABILI
993 440 1070 480 ET
1103 439 1171 480 IN
1198 437 1450 480 CHRISTI
1474 435 1791 478 CARITATE

408 504 829 549 SUSCIPIENDO
859 503 1103 546 SANCTO
1126 503 1358 544 FRATRI
1386 502 1464 543 ET
1485 500 1795 543 CONPRES-

402 571 653 613 BYTERO
704 569 888 611 SIXTO
939 567 1352 610 AUGUSTINUS
1405 566 1474 608 IN
1524 564 1787 607 DOMINO

413 636 714 678 SALUTEM

236 764 253 802 1
345 755 424 801 Ex
462 772 562 818 quo
599 755 894 818 Hipponem
929 755 1135 802 litterae
1171 756 1508 820 benignitatis
1543 761 1667 801 tuae
1701 769 1795 816 per

282 830 516 870 sanctum
577 822 791 870 fratrem
854 831 1085 871 nostrum
1146 824 1372 870 Firmum
1431 823 1793 886 presbyterum

281 892 507 938 directae
557 908 640 937 me
693 893 907 939 absente
958 899 1228 947 venerunt,
1277 898 1616 954 posteaquam
1663 888 1792 945 illas,

281 976 395 1005 cum
429 976 759 1016 remeassem,
795 963 1024 1023 quamvis
1061 963 1160 1006 iam
1197 960 1317 1006 inde
1350 957 1582 1022 profecto
1617 973 1793 1004 earum

279 1026 535 1090 perlatore
562 1026 736 1091 legere
763 1031 926 1090 potui,
953 1026 1080 1074 haec
1106 1031 1271 1090 prima
1299 1028 1584 1090 eademque
1611 1027 1794 1090 gratis-

280 1098 405 1141 sima
442 1096 754 1143 rescribendi
791 1099 1008 1142 occurrit
1046 1099 1240 1142 occasio
1276 1112 1370 1158 per
1406 1094 1792 1142 dilectissimum

279 1163 438 1209 filium
478 1170 710 1209 nostrum
753 1163 1029 1210 acolithum
1071 1163 1333 1210 Albinum.
1403 1162 1557 1221 Quod
1598 1168 1792 1217 autem,

280 1232 463 1294 quibus
494 1230 643 1278 simul
672 1234 932 1294 scripsisti,
963 1238 1086 1278 tunc
1116 1249 1218 1278 non
1249 1247 1450 1278 eramus
1480 1229 1646 1286 simul,
1674 1229 1792 1276 ideo

278 1297 475 1345 factum
535 1306 630 1355 est,
690 1306 748 1345 ut
805 1298 1119 1364 singulorum
1177 1299 1420 1363 singulas,
1477 1315 1580 1345 non
1635 1313 1791 1344 unam

279 1368 544 1414 amborum
598 1366 870 1430 epistulam
923 1383 1168 1414 sumeres.
1238 1368 1286 1414 A
1337 1383 1421 1413 me
1474 1369 1664 1430 quippe
1717 1365 1791 1412 di-

277 1452 479 1498 gressus
517 1442 594 1481 est
619 1434 845 1498 perlator
878 1434 1044 1491 huiuS,
1070 1452 1163 1498 per
1196 1433 1543 1482 venerabilem
1576 1432 1790 1480 fratrem

279 1511 332 1549 et
363 1506 719 1566 coepiscopum
750 1520 925 1550 meum
956 1503 1219 1567 Alypium,
1252 1506 1339 1566 qui
1369 1510 1493 1550 tuae
1525 1503 1789 1549 sanctitati

278 1570 427 1617 aliam
447 1572 769 1627 rescriberet,
794 1574 1116 1618 transiturus.
1186 1571 1271 1618 Ad
1290 1587 1445 1634 quem
1471 1573 1629 1617 etiam
1653 1572 1788 1632 ipsas

278 1656 403 1702 quas
444 1655 540 1703 ego
578 1642 680 1685 iam
718 1638 965 1703 legeram,
1002 1638 1203 1686 litteras
1245 1646 1361 1686 tuas
1399 1641 1508 1701 ipse
1546 1639 1787 1700 portavit.

278 1707 424 1765 Quae
461 1724 551 1753 nos
578 1714 772 1770 quanta
803 1707 1003 1754 laetitia
1027 1705 1367 1770 perfuderint,
1393 1706 1517 1769 quid
1540 1704 1692 1752 homo
1717 1707 1790 1751 ni-

276 1782 417 1821 tatur
447 1774 585 1838 loqui
623 1776 760 1839 quod
784 1792 887 1822 non
910 1782 1084 1838 potest
1121 1774 1289 1838 eloqui
1313 1775 1331 1821 ?
1399 1774 1508 1821 Nec
1543 1780 1598 1820 te
1621 1775 1788 1836 ipsum

338 1931 357 1949 ‘²
389 1925 538 1967 Sixtus
566 1939 656 1966 was
683 1926 844 1978 bishop
873 1926 923 1967 of
948 1926 1091 1967 Rome
1117 1925 1234 1967 from
1261 1928 1344 1967 432
1373 1929 1419 1966 to
1445 1927 1545 1972 440,
1573 1923 1704 1965 when
1730 1923 1787 1964 he

281 1994 371 2021 was
409 1980 653 2021 succeeded
687 1981 749 2032 by
779 1980 872 2022 Leo
905 1981 980 2021 the
1015 1980 1166 2022 Great.
1227 1980 1298 2021 He
1327 1979 1417 2020 had
1446 1978 1585 2020 taken
1613 1992 1641 2019 a
1669 1977 1791 2019 lead-

280 2037 357 2087 ing
386 2039 487 2087 part
521 2037 566 2075 in
600 2035 903 2088 condemning
938 2034 1254 2088 Pelagianism‚
1283 2034 1457 2087 though
1487 2047 1610 2075 some
1639 2032 1689 2074 of
1713 2032 1789 2073 the

280 2089 516 2142 Pelagians
546 2089 737 2130 claimed
767 2090 864 2130 that
894 2090 949 2130 he
975 2103 1066 2131 was
1096 2103 1154 2130 on
1180 2089 1295 2130 their
1321 2089 1416 2130 side
1443 2088 1534 2140 (see
1560 2091 1580 2136 ἓ
1611 2087 1667 2139 1),
1695 2086 1786 2128 and

277 2143 368 2184 had
389 2144 645 2185 intervened
661 2148 736 2185 too
752 2146 797 2184 in
818 2144 892 2185 the
915 2144 1154 2185 Nestorian
1175 2143 1365 2195 dispute.
1417 2143 1671 2195 Augustine
1691 2139 1786 2182 also

277 2198 517 2239 addressed
547 2198 640 2238 him
671 2200 716 2239 in
747 2199 830 2250 Ep.
855 2200 1009 2247 cxciv„
1041 2212 1067 2239 a
1097 2197 1204 2251 long
1237 2195 1505 2250 theological
1537 2196 1785 2237 discussion

277 2252 326 2292 of
359 2253 434 2293 the
473 2266 613 2293 errors
653 2252 702 2293 of
738 2252 1052 2305 Pelagianism.
1123 2252 1314 2301 Firmus,
1352 2252 1429 2292 the
1466 2250 1785 2298 letter-bearer‚

274 2306 831 2402 {Zifiigfiessvffialclffife
846 2305 1785 2402 Ῐὲἑέἰίξῒῖξὲῗέἓγἑωῖδῖῗὲἓτὲθὲἕῗᾍὲῒ

273 2418 450 2467 gustine
489 2416 593 2468 (Ep.
634 2416 750 2466 cxv.)
790 2415 880 2456 and
920 2420 994 2456 ten
1033 2429 1163 2468 years
1201 2415 1313 2456 later
1347 2415 1403 2455 he
1432 2416 1468 2454 is
1501 2414 1637 2466 again
1673 2412 1780 2453 with

273 2470 301 2510 J
306 2483 467 2517 emme,
488 2469 599 2510 later
619 2470 831 2523 reaching
852 2470 1019 2518 Africa,
1041 2470 1186 2510 where
1206 2469 1261 2510 he
1281 2471 1317 2510 is
1337 2471 1382 2509 in
1401 2468 1781 2510 communication

273 2525 378 2564 with
400 2525 651 2576 Augustine
673 2524 776 2576 (Ep.
798 2525 1002 2576 cxxxiv.).
1053 2524 1123 2565 He
1146 2524 1301 2577 brings
1324 2522 1443 2564 back
1464 2536 1523 2562 an
1543 2534 1714 2562 answer
1733 2525 1781 2562 to

270 2578 348 2619 the
368 2583 544 2630 present
566 2578 691 2619 letter
711 2579 815 2631 (Ep.
837 2581 975 2621 cxciv.
1003 2579 1057 2631 1).

273 2649 367 2690 334-
