1866 2964
815 215 906 263 ST.
944 214 1354 263 AUGUSTINE

811 347 905 394 No.
938 352 995 402 19
1022 347 1142 410 (Ep.
1171 346 1360 410 LXVI)

329 456 563 498 INCIPIT
585 456 895 498 LIBELLUS
925 456 1148 498 SANCTI
1171 455 1524 497 AUGUSTINI
1553 453 1835 496 EPISCOPI

449 521 787 563 CATHOLICI
817 521 1072 563 CONTRA
1097 521 1450 563 CRISPINUM
1475 519 1839 562 SCHISMATI-

446 588 478 628 C
486 587 582 628 UM

279 714 297 752 1
390 706 562 752 Deum
600 706 808 768 quidem
854 709 1038 752 timere
1080 706 1338 760 debuisti3
1393 704 1484 751 sed
1520 707 1640 768 quia
1674 707 1727 749 in
1762 720 1840 750 re-

324 774 645 836 baptizandis
665 773 1104 836 Mappaliensibus
1122 776 1251 820 sicut
1266 772 1419 819 homo
1434 775 1606 819 timeri
1621 771 1841 828 voluisti,

325 859 413 888 cur
442 859 544 888 non
574 841 744 888 valeat
773 845 926 888 iussio
958 841 1144 905 regalis
1174 845 1227 887 in
1255 844 1530 904 provincia,
1562 843 1602 887 si
1632 847 1837 886 tantum

328 909 487 956 valuit
515 913 668 956 iussio
697 909 1016 972 provincialis
1045 913 1097 956 in
1126 908 1243 955 villa
1267 910 1284 955 ?
1353 908 1402 955 Si
1432 925 1674 971 personas
1703 925 1838 954 com-

326 994 493 1040 pares,
517 985 575 1024 tu
598 995 874 1040 possessor,
897 977 981 1024 ille
1005 981 1284 1040 imperator
1308 992 1319 1032 3
1360 980 1401 1023 si
1423 976 1534 1023 loca
1557 993 1840 1039 compares,

327 1053 386 1092 tu
409 1049 461 1091 in
484 1044 662 1101 fundo,
684 1045 769 1092 ille
792 1049 844 1092 in
867 1062 1026 1109 regno
1051 1061 1061 1101 ;
1104 1049 1144 1092 si
1168 1062 1344 1091 causas
1368 1061 1649 1108 compares,
1671 1043 1755 1090 ille
1780 1051 1839 1090 ut

327 1114 504 1160 divisio
535 1117 857 1169 resarciatur,
889 1121 947 1160 tu
978 1120 1038 1160 ut
1069 1116 1238 1160 unitas
1271 1113 1543 1160 dividatur.
1613 1111 1715 1159 Sed
1745 1129 1835 1159 nos

327 1188 381 1228 te
412 1182 476 1228 de
509 1181 715 1228 homine
745 1199 847 1228 non
875 1189 1144 1228 terremus.
1214 1181 1346 1227 Nam
1381 1197 1646 1244 possemus
1684 1197 1837 1244 agere

327 1256 386 1295 ut
431 1250 610 1296 decem
654 1249 807 1297 libras
854 1253 962 1296 auri
1006 1249 1287 1296 secundum
1330 1251 1661 1312 imperatoria
1703 1252 1840 1295 iussa

327 1317 657 1380 persolveres.
727 1319 811 1364 An
850 1317 984 1364 forte
1026 1325 1303 1380 propterea
1343 1334 1447 1363 non
1493 1316 1653 1363 habes
1700 1317 1837 1363 unde

326 1386 511 1432 reddas
560 1386 699 1449 quod
745 1387 867 1433 dare
914 1389 1035 1432 iussi
1082 1393 1203 1432 sunt
1248 1386 1671 1448 rebaptizatoreS,
1715 1385 1836 1432 dum

326 1453 546 1500 multum
575 1471 773 1518 erogas,
799 1461 858 1500 ut
896 1470 1034 1500 emas
1071 1471 1196 1517 quos
1225 1454 1514 1516 rebaptizes
1538 1453 1556 1499 ?
1602 1452 1704 1499 Sed
1730 1469 1840 1508 nos,

327 1528 386 1568 ut
425 1522 548 1576 dixi,
587 1522 662 1568 de.
691 1521 896 1568 homine
935 1529 989 1568 te
1029 1539 1131 1568 non
1169 1529 1457 1576 terremus3
1515 1519 1745 1567 Christus
1783 1527 1838 1567 te

324 1593 496 1652 potius
534 1597 746 1637 terreat.
831 1589 924 1636 Cui
960 1589 1073 1636 volo
1110 1593 1236 1636 seire
1275 1590 1399 1652 quid
1433 1589 1762 1652 respondeas,
1800 1591 1839 1635 si

327 1658 421 1703 tibi
470 1658 642 1704 dicat:
709 1657 736 1673 “
763 1657 1011 1720 Crispine,
1055 1674 1228 1704 carum
1271 1656 1371 1703 fuit
1421 1660 1646 1720 pretium
1690 1664 1839 1703 tuum

330 1725 394 1772 ad
431 1726 707 1772 emendum
736 1729 974 1772 timorem
1013 1725 1446 1788 Mappaliensium
1483 1732 1537 1771 et
1560 1724 1669 1771 vilis
1704 1741 1839 1771 mors

330 1809 447 1838 mea
474 1794 538 1840 ad
570 1794 845 1840 emendum
872 1810 1097 1840 amorem
1123 1797 1349 1840 omnium
1373 1796 1608 1857 gentium
1632 1793 1651 1839 ?
1719 1792 1837 1839 Plus

329 1860 488 1907 valuit
527 1862 906 1924 rebaptizandis
947 1860 1134 1908 colonis
1174 1865 1294 1917 tuis,
1335 1861 1473 1924 quod
1511 1868 1838 1907 numeratum

331 1936 409 1975 est
443 1929 507 1975 de
545 1929 743 1976 sacculo
779 1937 888 1985 tuo,
926 1946 1080 1993 quam
1117 1929 1438 1992 baptizandis
1474 1928 1673 1992 populis
1709 1932 1836 1975 meis

330 1998 467 2060 quod
491 2001 719 2044 manavit
739 1998 802 2044 de
822 1997 984 2044 latere
1010 2014 1126 2044 meo
1146 1998 1163 2043 ?
1185 1996 1213 2011 ''
1268 1996 1380 2044 Scio
1404 2004 1459 2044 te
1485 1997 1632 2059 plura
1660 1997 1835 2044 audire

330 2081 497 2127 posse,
534 2069 573 2111 si
618 2065 820 2112 Christo
864 2083 1037 2112 aurern
1081 2066 1349 2129 praebeas,
1393 2072 1447 2112 et
1489 2081 1552 2111 ex
1595 2068 1705 2128 ipsa
1746 2072 1837 2111 tua

393 2294 410 2312 ‘²
444 2288 672 2341 Crispinus
699 2302 788 2329 was
815 2289 1023 2330 Donatist
1047 2289 1207 2342 bishop
1233 2290 1284 2329 of
1304 2288 1515 2336 Calama;
1556 2293 1603 2330 to
1628 2289 1721 2329 him
1746 2288 1833 2341 Ep.

335 2342 377 2383 li.
402 2345 436 2383 is
453 2343 706 2384 addressed.
768 2344 836 2384 He
858 2344 945 2384 had
964 2343 1173 2396 acquired
1194 2344 1269 2385 the
1290 2348 1501 2396 property
1517 2344 1568 2384 of
1587 2343 1835 2396 Mappalia,

335 2412 391 2437 on
413 2398 487 2438 ’the
508 2398 710 2450 imperial
722 2398 903 2439 doniain
919 2413 1024 2439 near
1038 2400 1204 2450 Hippo,
1218 2399 1307 2438 and
1322 2398 1410 2438 had
1422 2397 1668 2450 compelled
1681 2397 1835 2450 eighty

335 2452 557 2492 Christian
588 2453 728 2493 slaves
758 2458 803 2493 to
834 2453 1034 2505 undergo
1064 2453 1338 2505 re-baptism.
1402 2452 1550 2500 Later,
1579 2466 1664 2493 one
1692 2453 1743 2493 of
1767 2451 1835 2492 his

335 2509 506 2558 priests,
523 2508 657 2548 ofthe
673 2521 795 2548 same
812 2521 957 2555 name,
975 2507 1115 2548 broke
1132 2510 1224 2548 into
1239 2507 1314 2548 the
1330 2507 1467 2547 house
1483 2505 1835 2559 ofAugustine’s

331 2561 492 2608 friend,
506 2561 844 2608 Possidius,and
863 2562 1057 2614 severely
1073 2562 1176 2602 beat
1195 2561 1393 2609 him,but
1411 2560 1640 2613 Crispinus
1659 2559 1835 2601 refused

333 2621 378 2656 to
400 2616 562 2667 punish
583 2616 658 2657 the
679 2616 893 2664 offender,
916 2616 1004 2657 and
1028 2630 1116 2657 was
1139 2615 1321 2657 himself
1336 2615 1567 2657 convieted
1589 2615 1678 2656 and
1699 2614 1834 2659 fined.

345 2687 432 2726 128
