1866 2964
758 226 848 273 ST.
888 226 1297 274 AUGUSTINE

269 363 395 407 sime
420 359 728 424 intellegant
754 359 892 406 nullo
918 360 1069 406 modo
1095 377 1186 406 nos
1213 359 1277 406 de
1302 362 1521 422 pecunia
1546 365 1783 422 satagere

269 442 321 484 in
352 438 540 486 talibus
573 442 754 494 causis,
786 439 924 502 quod
954 437 1091 484 nullo
1122 438 1275 485 modo
1305 437 1617 484 intellecturi
1646 443 1785 492 sunt,

269 520 364 563 nisi
405 516 543 563 illam
579 534 688 563 rem
730 534 885 580 quam
921 533 1124 579 semper
1164 517 1454 580 presbyteri
1489 532 1600 562 6556
1634 511 1785 578 puta-

270 602 471 650 verunt,
489 612 664 642 eorum
684 596 857 642 usibus
883 595 1248 658 relinquamus,
1269 597 1388 658 quia
1409 601 1462 641 et
1487 597 1526 641 si
1549 597 1656 640 eius
1681 610 1782 640 non

273 681 401 729 erat,
425 672 519 720 hoc
546 675 609 720 ab
632 677 778 720 initio
802 677 928 720 scire
953 673 1257 721 debuerant.

220 760 246 797 4
334 752 552 799 Videtur
594 755 773 816 itaque
816 751 941 799 mihi
985 751 1113 799 haec
1156 750 1335 816 regula
1380 768 1491 798 6556
1534 754 1588 797 in
1629 751 1784 797 rebus

266 829 476 877 huiusce
515 831 652 878 modi
700 831 990 886 retinenda,
1029 837 1106 886 ut,
1145 830 1387 894 quicquid
1435 846 1495 876 6ο
1532 832 1642 876 iure
1681 845 1782 892 quo

267 908 392 955 talia
437 910 782 972 possidentur,
831 912 938 956 eius
985 908 1143 956 fuerit
1202 912 1289 972 qui
1343 907 1527 955 alicubi
1573 907 1782 954 clericus

268 988 549 1043 ordinatur,
574 988 638 1035 ad
661 1005 775 1034 eam
804 991 1066 1050 pertineat
1097 986 1363 1034 ecclesiam
1387 989 1439 1033 in
1461 1004 1563 1050 qua
1584 986 1784 1033 ordina-

271 1073 369 1112 tur.
441 1066 619 1129 Usque
676 1067 805 1113 adeo
862 1073 1037 1113 autem
1093 1066 1276 1113 eodem
1330 1069 1439 1112 iure
1493 1065 1783 1128 presbyteri

267 1144 519 1191 Honorati
555 1151 634 1191 est
667 1144 809 1200 illud,
844 1145 980 1191 unde
1017 1147 1204 1208 agitur,
1239 1151 1297 1191 ut
1330 1161 1433 1190 non
1466 1142 1629 1190 solum
1664 1142 1786 1189 alibi

267 1223 530 1269 ordinatus
568 1223 660 1270 sed
696 1222 861 1270 adhuc
896 1226 948 1269 in
982 1223 1286 1286 Tagastensi
1320 1224 1632 1269 monasterio
1666 1238 1783 1268 con-

267 1303 480 1347 stitutus
517 1303 557 1347 si
593 1318 648 1348 re
685 1317 778 1348 sua
813 1319 915 1348 non
951 1302 1161 1348 vendita
1197 1318 1292 1348 nec
1327 1318 1420 1364 per
1453 1298 1782 1347 manifestam

267 1379 599 1426 donationem
634 1383 687 1425 in
724 1383 1019 1443 quempiam
1055 1379 1306 1426 translata
1340 1385 1644 1435 moreretur,
1679 1395 1782 1425 non

267 1459 362 1503 nisi
409 1456 625 1504 heredes
668 1461 774 1505 eius
814 1461 867 1504 in
908 1475 1022 1504 eam
1063 1458 1416 1514 succederent,
1452 1460 1584 1504 sicut
1621 1455 1783 1504 frater

266 1534 584 1582 Aemilianus
612 1539 666 1581 in
689 1535 798 1583 illos
823 1539 1038 1600 triginta
1063 1536 1247 1584 solidos
1271 1535 1418 1582 fratri
1443 1535 1647 1582 Privato
1672 1552 1782 1582 suc-

267 1616 433 1660 cessit.
504 1614 648 1661 Haec
673 1631 794 1678 ergo
819 1622 940 1662 ante
963 1615 1317 1678 praecavenda
1340 1621 1460 1661 sunt
1484 1630 1496 1671 ;
1539 1617 1580 1661 si
1604 1621 1780 1661 autem

266 1699 545 1754 praecauta
581 1710 683 1739 non
719 1692 928 1749 fuerint,
968 1709 1028 1739 ea
1064 1696 1175 1739 iura
1212 1696 1282 1740 eis
1319 1710 1520 1740 servare
1557 1699 1782 1756 oportet,

267 1786 399 1832 quae
438 1769 626 1817 talibus
664 1770 914 1818 habendis
953 1771 1034 1818 vel
1072 1789 1174 1818 non
1211 1770 1461 1819 habendis
1499 1771 1780 1819 secundum

267 1847 466 1894 civilem
528 1852 831 1896 societatem
897 1857 1017 1897 sunt
1080 1853 1338 1906 instituta,
1395 1857 1454 1897 ut
1519 1851 1583 1897 ab
1642 1852 1779 1897 omni

266 1944 367 1972 non
406 1926 568 1974 solum
615 1945 670 1974 re
714 1929 805 1975 sed
848 1932 1006 1975 etiam
1043 1932 1212 1992 specie
1248 1928 1491 1992 maligna,
1527 1935 1778 1992 quantum

264 2021 550 2067 possumus,
575 2023 664 2053 nos
692 2007 1040 2053 abstineamus
1076 2014 1129 2054 et
1161 2008 1349 2054 bonam
1385 2006 1576 2053 famam
1612 2013 1780 2053 custo-

265 2084 463 2130 diamus
501 2084 869 2147 dispensationi
912 2092 1117 2132 nostrae
1159 2085 1380 2132 multum
1422 2088 1776 2133 necessariam.

265 2161 433 2219 Quam
462 2179 580 2209 vero
607 2167 802 2225 species
829 2163 1054 2228 maligna
1081 2167 1167 2220 sit,
1196 2165 1434 2211 advertat
1459 2171 1637 2211 sancta
1661 2180 1779 2227 pru-

266 2240 443 2286 dentia
471 2247 578 2287 tua.
647 2242 882 2304 Excepta
909 2241 1108 2289 illorum
1137 2246 1365 2299 tristitia,
1393 2259 1547 2306 quam
1577 2244 1778 2305 experti

265 2334 456 2373 sumus,
492 2335 556 2365 ne
593 2320 716 2382 quid
750 2318 883 2366 forte
920 2323 1028 2383 ipse
1064 2319 1285 2376 fallerer,
1320 2324 1451 2368 sicut
1487 2321 1595 2367 fieri
1629 2319 1778 2376 solet,

266 2396 387 2442 dum
429 2399 481 2442 in
524 2401 837 2444 sententiam
880 2415 1049 2445 meam
1099 2398 1364 2461 proclivior
1407 2416 1536 2455 erro,
1578 2401 1776 2445 narravi

264 2490 471 2520 causam
501 2473 645 2521 fratri
684 2483 737 2522 et
774 2475 1000 2541 collegae
1031 2484 1204 2524 nostro
1242 2476 1518 2534 Samsucio,
1549 2477 1776 2524 nondum

825 2622 843 2640 ‘²
878 2619 895 2656 1
921 2615 1072 2658 Thess.
1095 2631 1137 2658 v.
1159 2620 1229 2658 22.

277 2685 293 2724 1
309 2684 370 2725 40
