1866 2964
754 177 844 224 ST.
883 176 1291 224 AUGUSTINE

270 319 323 359 et
368 313 731 359 transmarinos
778 308 1024 371 compulit
1070 311 1339 364 sustinere,
1387 325 1416 354 a
1462 309 1645 372 quibus
1689 323 1775 355 me

268 396 471 442 semper
522 395 624 425 non
675 377 935 425 indevotio
987 379 1175 423 mentis
1228 376 1319 423 sed
1369 379 1536 423 minus
1588 376 1776 424 idonea

269 447 494 494 valitudo
549 449 767 508 corporis
824 447 1101 491 excusavit.
1172 443 1408 500 Proinde,
1462 443 1776 491 dilectissimi

268 515 470 570 fratres,
493 517 562 561 sic
586 517 743 577 agite,
763 519 839 569 ut,
860 512 997 576 quod
1020 515 1092 558 ait
1115 511 1391 575 apostolus,
1411 511 1506 558 sive
1528 511 1776 558 adveniens

270 590 311 629 et
338 581 497 629 videns
524 598 605 629 vos
633 580 728 628 sive
756 579 940 636 absens,
967 579 1157 626 audiam
1189 579 1246 626 de
1276 579 1404 626 vobis
1428 578 1541 643 quia
1567 579 1702 627 statis
1727 578 1776 626 in

270 668 360 698 uno
397 649 580 714 spiritu,
617 666 709 696 uno
746 648 900 695 animo
936 647 1286 695 conlaborantes
1305 646 1431 711 fidei
1466 647 1774 712 evangelicae.

197 762 207 768 ,
270 719 320 765 Si
352 735 438 765 vos
472 717 641 781 aliqua
671 716 907 764 molestia
938 715 1232 778 temporalis
1267 718 1517 779 exagitat,
1548 718 1659 778 ipsa
1689 731 1776 762 vos

270 789 431 850 magis
481 786 756 832 admonere
811 785 969 831 debet
1016 800 1171 847 quem
1214 783 1279 830 ad
1320 783 1530 830 modum
1579 783 1644 830 de
1692 781 1778 829 illa

270 858 375 901 vita
400 856 626 917 cogitare
652 853 903 908 debeatis,
930 852 1016 898 ubi
1046 855 1154 898 sine
1189 850 1357 914 aliquo
1381 851 1555 898 labore
1580 853 1778 907 vivatis,

271 922 548 969 evadentes
573 938 675 968 non
697 919 938 967 molestas
969 922 1230 983 angustias
1253 922 1498 982 temporis
1521 922 1663 982 parvi
1686 919 1777 966 sed

269 990 545 1037 horrendas
572 1005 761 1052 poenas
795 991 925 1052 ignis
952 990 1164 1034 aeterni.
1232 986 1364 1033 Nam
1389 990 1429 1033 si
1452 987 1605 1034 modo
1629 993 1779 1034 tanta

270 1075 406 1114 cura,
423 1064 571 1104 tanta
586 1059 892 1112 intentione,
907 1062 1054 1103 tanto
1070 1054 1243 1102 labore
1265 1057 1414 1119 agitis
1434 1071 1499 1101 ne
1515 1058 1568 1100 in
1583 1053 1775 1118 aliquos

270 1129 520 1173 cruciatus
554 1127 870 1171 transitorios
904 1124 1155 1180 incidatis,
1186 1130 1437 1186 quantum
1461 1139 1548 1169 vos
1573 1129 1779 1186 oportet

272 1210 381 1240 esse
409 1193 664 1248 sollicitos,
692 1200 750 1239 ut
778 1194 1114 1254 sempiternas
1141 1193 1369 1237 miserias
1396 1189 1605 1254 fugiatis
1630 1190 1639 1237 !
1708 1189 1778 1237 Et

270 1265 310 1308 si
339 1278 472 1308 mors
503 1264 572 1307 sic
601 1264 831 1315 timetur,
862 1276 994 1323 quae
1025 1259 1137 1305 finit
1166 1258 1504 1321 temporalem
1532 1257 1777 1314 laborem,

272 1347 371 1393 quo
418 1329 570 1376 modo
618 1328 849 1375 timenda
898 1334 994 1383 est,
1037 1343 1169 1390 quae
1211 1329 1375 1374 mittit
1415 1329 1468 1372 in
1510 1333 1779 1374 aeternum

271 1397 496 1445 dolorem
521 1397 530 1443 ἔ
605 1396 674 1443 Et
721 1399 761 1442 si
809 1394 1019 1442 deliciae
1067 1394 1255 1441 saeculi
1301 1393 1448 1441 huius
1495 1394 1676 1441 breves
1725 1400 1779 1441 et

271 1465 503 1512 sordidae
553 1467 622 1510 sic
671 1471 925 1519 amantur,
974 1470 1168 1526 quanto
1216 1461 1572 1509 vehementius
1620 1461 1780 1509 futuri

270 1533 458 1580 saeculi
479 1532 666 1596 gaudia
689 1548 815 1594 pura
839 1538 891 1578 et
913 1530 1112 1577 infinita
1134 1531 1429 1594 quaerenda
1449 1537 1570 1578 sunt
1594 1530 1603 1576 1
1674 1529 1781 1577 Ista

271 1605 576 1665 cogitantes,
601 1599 759 1646 nolite
792 1616 901 1645 esse
932 1602 1064 1662 pigri
1087 1602 1140 1644 in
1165 1599 1402 1660 operibus
1433 1598 1596 1654 bonis,
1626 1604 1685 1645 ut
1716 1597 1782 1645 ad

271 1672 425 1716 vestri
450 1671 654 1715 seminis
678 1683 898 1714 messem
923 1683 1012 1713 suo
1036 1673 1269 1729 tempore
1294 1669 1526 1713 veniatis.

222 1744 247 1782 2
339 1737 647 1783 Nuntiatum
685 1742 764 1782 est
802 1738 937 1781 enim
972 1733 1114 1790 mihi,
1152 1733 1289 1797 quod
1324 1750 1519 1780 morem
1554 1740 1782 1780 vestrum

273 1805 337 1851 de
384 1804 660 1851 vestiendis
707 1803 1016 1865 pauperibus
1063 1801 1261 1849 fueritis
1308 1801 1470 1858 obliti,
1517 1801 1582 1849 ad
1627 1817 1782 1865 quam

272 1872 685 1927 misericordiam,
718 1888 833 1917 cum
870 1886 1111 1933 praesens
1146 1886 1328 1926 essem,
1360 1886 1447 1917 vos
1481 1868 1782 1916 exhortatus

272 1958 383 1987 sum
413 1947 466 1987 et
494 1957 627 1987 nunc
656 1938 914 1995 exhortor,
943 1955 1007 1985 ne
1036 1955 1122 1985 vos
1151 1941 1321 1985 vincat
1349 1945 1403 1985 et
1429 1941 1599 2001 pigros
1626 1936 1783 1984 faciat

272 2011 509 2055 contritio
558 2007 736 2054 mundi
784 2006 951 2063 huius,
1001 2009 1080 2053 cui
1140 2005 1264 2053 talia
1320 2006 1503 2053 videtis
1554 2005 1782 2053 accidere

333 2134 351 2152 ⁰
385 2128 627 2174 Indevoti0‚
647 2140 674 2167 a
692 2126 781 2167 late
799 2125 937 2173 word,
958 2138 1111 2166 means
1131 2129 1250 2166 want
1268 2126 1319 2166 of
1333 2138 1578 2173 reverence‚
1598 2129 1784 2178 respect,

275 2181 557 2229 dutifuffless,
588 2186 633 2222 to
666 2180 783 2229 God,
814 2180 889 2221 the
919 2194 1137 2232 emperor,
1168 2194 1218 2220 or
1247 2179 1324 2220 the
1355 2179 1477 2228 laws‚
1509 2193 1559 2220 or
1588 2183 1709 2220 want
1738 2180 1790 2220 of

274 2238 701 2277 conscientiousness
724 2237 768 2276 in
790 2236 1099 2287 performance
1121 2235 1171 2275 of
1188 2234 1314 2286 duty.
1368 2234 1411 2275 It
1432 2236 1467 2275 is
1488 2233 1630 2274 found
1651 2232 1786 2286 fairly

275 2293 399 2332 often
435 2293 478 2331 in
513 2291 588 2331 the
622 2289 738 2343 legal
771 2292 938 2330 writers
973 2289 1077 2330 with
1112 2289 1188 2330 the
1222 2290 1435 2341 meaning
1467 2289 1519 2329 of
1546 2287 1707 2341 failing
1737 2292 1785 2329 to

276 2350 448 2440 55³⁵&
469 2344 1160 2449 2¹¹⁸3335t1{‘'{{h53r2f1?1iffefffiss’r
1183 2342 1268 2438 ἳὲζῖ
1271 2343 1373 2437 dfiaJ
1372 2344 1717 2438 “e³⁶1>'1“1¹ti‘0{'01}r⁵s'
1740 2345 1786 2437 Ξῖ

277 2414 688 2504 Αῗιῇῗτόεέωὲῑᾱα,
715 2431 779 2493 1'7.
812 2456 881 2500 62,
905 2453 959 2493 [η
980 2452 1056 2493 Ps.
1079 2412 1223 2493 exirm.
1250 2411 1315 2493 ᾗς.
1338 2411 1428 2502 4g5),
1451 2450 1633 2492 Salvian
1655 2450 1786 2504 (aab.

276 2512 317 2550 3.
338 2508 677 2604 ff‘lffkl'i'lhloeabg'
700 2508 790 2559 45),
812 2506 902 2548 and
924 2506 1085 2549 Alcim.
1108 2507 1228 2547 Avit.
1251 2506 1355 2560 (Ep.
1379 2505 1574 2558 lxxxiv.).

281 2635 376 2675 214
