1866 2964
737 139 828 187 ST.
866 138 1276 186 AUGUSTINE

245 275 374 322 libet
403 273 614 330 fuerint,
645 290 747 320 non
778 275 957 335 utique
989 272 1343 335 praeiudicant
1374 274 1630 333 promissis
1662 270 1764 326 dei,

248 349 335 410 qui
377 346 508 393 dixit
551 346 617 392 ad
656 343 954 391 Abraham:
1019 342 1077 390 In
1119 343 1290 390 semine
1328 350 1404 390 tuo
1449 341 1766 390 benedicentur

247 434 403 464 omnes
428 423 606 481 gentes,
633 417 770 480 quod
801 416 1055 462 creditum
1082 422 1161 462 est
1189 431 1305 461 cum
1331 415 1595 461 audiretur
1618 431 1765 478 prae-

248 489 460 545 dictum,
515 495 568 535 et
619 495 840 551 negatur
892 504 1007 533 cum
1059 487 1262 534 videtur
1311 484 1765 548 impletum,—h'oc

247 567 425 607 tamen
461 563 669 607 interim
706 560 1061 606 brevissimum
1101 565 1171 614 et,
1209 561 1305 605 nisi
1342 557 1505 613 fallor,
1542 560 1766 604 invictis-

248 635 432 678 simum
476 635 725 694 cogitent,
771 638 861 677 aut
905 637 1073 676 actam
1118 646 1227 676 esse
1269 633 1423 676 istam
1466 646 1672 676 causam
1713 632 1767 674 in

250 703 590 750 ecclesiastico
614 705 953 749 transmarino
975 701 1161 748 iudicio
1186 708 1276 748 aut
1298 718 1401 747 non
1425 717 1535 748 esse
1560 708 1730 747 actam
1754 714 1766 754 ;

249 778 290 820 si
338 782 453 821 acta
496 775 567 820 ibi
611 791 713 820 non
765 780 860 828 est,
905 776 1146 819 innocens
1193 779 1272 819 est
1316 771 1505 819 Christi
1549 775 1765 819 societas

249 863 341 908 per
372 863 547 892 omnes
583 848 947 892 transmarinas
978 852 1180 908 gentes,
1212 847 1352 890 cuius
1390 847 1649 891 societatis
1675 859 1766 890 nos

250 920 606 964 communione
639 916 942 980 gaudemus,
976 923 1030 963 et
1059 916 1176 962 ideo
1210 916 1274 962 ab
1307 919 1378 963 eis
1409 916 1767 963 innocentibus

249 992 429 1052 utique
477 987 723 1051 sacrilega
770 988 1112 1050 diremptione
1159 994 1497 1049 separantur3
1561 991 1603 1034 si
1647 1004 1768 1034 vero

250 1067 365 1106 acta
394 1061 464 1106 ibi
496 1067 573 1106 est
602 1063 701 1106 ista
732 1076 901 1114 causa,
932 1063 1043 1122 quis
1073 1076 1176 1106 non
1204 1059 1494 1122 intellegat,
1525 1063 1636 1123 quis
1665 1076 1768 1106 non

250 1135 458 1187 sentiat,
484 1135 594 1194 quis
618 1149 720 1178 non
743 1131 917 1178 videat
941 1148 1025 1178 eos
1048 1134 1101 1176 in
1126 1147 1186 1177 ea
1208 1134 1385 1187 victos,
1410 1148 1626 1194 quorum
1647 1131 1768 1178 inde

250 1206 540 1249 communio
559 1210 798 1265 separata
819 1203 934 1249 est?
1003 1202 1213 1266 Eligant
1241 1218 1362 1265 ergo
1388 1209 1561 1249 utrum
1586 1202 1768 1250 malint

250 1274 459 1321 credere
487 1274 624 1337 quod
648 1277 1111 1336 pronuntiaverunt
1130 1273 1459 1321 ecclesiastici
1479 1278 1766 1339 cognitores

251 1362 317 1391 an
377 1346 515 1409 quod
574 1353 897 1392 murmurant
956 1348 1076 1392 victi
1135 1344 1437 1409 litigatores.
1508 1347 1767 1394 Adversus

249 1421 402 1463 istam
448 1417 855 1480 complexionem
901 1417 1042 1464 dictu
1087 1418 1455 1474 brevissimam,
1499 1418 1768 1466 intellectu

250 1487 560 1543 facillimam,
588 1489 857 1535 adtendite
883 1488 1158 1552 diligenter
1182 1506 1273 1552 pro
1299 1497 1469 1537 vestra
1492 1490 1770 1553 prudentia

251 1577 405 1623 quam
451 1559 575 1605 nihil
621 1561 844 1607 sobrium
889 1561 1186 1623 responderi
1230 1565 1427 1624 possit;
1491 1569 1545 1609 et
1590 1569 1768 1609 tamen

250 1631 412 1678 malus
439 1631 684 1678 Polemon
700 1635 862 1695 magis
894 1633 1178 1679 ebrietate.
1209 1670 1219 1680 .
1250 1670 1260 1680 .
1287 1636 1562 1680 inveterati
1588 1636 1767 1680 erroris

252 1707 516 1750 evertitur.

317 1774 456 1821 Date
500 1778 703 1821 veniam
745 1775 1002 1838 prolixiori
1045 1774 1271 1823 fortassis
1317 1776 1568 1839 epistulae
1612 1794 1767 1841 quam

250 1846 533 1893 iucundiori
570 1864 747 1893 verum
785 1854 979 1903 tamen,
1018 1855 1077 1894 ut
1115 1849 1348 1904 arbitror,
1386 1848 1574 1896 utiliori
1612 1866 1767 1913 quam

251 1917 518 1974 blandiori,
553 1919 745 1965 domini
779 1918 1098 1966 honorabiles
1136 1927 1190 1966 et
1223 1923 1408 1967 merito
1442 1921 1767 1983 suscipiendi,

253 1993 494 2036 carissimi
540 2007 597 2037 ac
642 1991 1097 2038 desiderantissimi
1139 1990 1341 2039 fratres.
1413 1992 1494 2039 De
1540 1993 1767 2040 adventu

254 2068 430 2107 autem
471 2062 536 2108 ad
576 2079 661 2109 vos
702 2069 875 2109 nostro
915 2070 1249 2127 utrorumque
1290 2063 1600 2111 desiderium
1640 2065 1766 2112 deus

252 2132 481 2195 impleat.
587 2133 794 2192 Quanto
856 2137 992 2180 enim
1058 2139 1285 2183 caritatis
1347 2135 1526 2182 ardore
1590 2153 1769 2183 accen-

255 2204 436 2251 damur
471 2205 535 2251 ad
577 2206 809 2253 visendos
855 2223 958 2262 vos,
1003 2208 1167 2254 verbis
1213 2207 1466 2270 explicare
1510 2225 1612 2254 non
1654 2225 1770 2271 pos-

319 2380 337 2397 ‘1
370 2373 483 2415 Gen.
505 2376 621 2415 xxvi.
643 2378 669 2415 4
691 2375 766 2427 (cf.
788 2377 861 2417 xii.
883 2377 944 2426 3).

323 2429 338 2452 ⁶
369 2428 463 2469 The
499 2429 786 2471 Benedictine
819 2430 997 2479 editors,
1031 2430 1236 2472 followed
1271 2431 1333 2484 by
1368 2431 1667 2481 Goldbacher‚
1702 2435 1768 2474 in-

262 2481 407 2523 dicate
433 2497 459 2523 a
485 2483 645 2524 lacuna
672 2484 789 2533 here,
815 2484 896 2526 but
922 2485 997 2526 the
1022 2499 1148 2528 sense
1174 2490 1293 2528 must
1318 2486 1373 2528 be
1399 2487 1652 2541 something
1678 2486 1769 2530 like

265 2537 385 2578 what
406 2539 441 2579 is
463 2538 717 2591 suggested.

269 2603 364 2653 264
