1866 2964
738 163 829 211 ST.
868 162 1228 210 AUGUSTIN
1231 163 1274 208 E

250 303 423 343 utrum
459 295 694 342 refellere
731 296 969 349 debeam,
1006 311 1071 340 an
1106 293 1308 340 silentio
1343 295 1641 355 praeterire.
1710 290 1760 337 Si

253 368 389 411 enim
430 381 510 410 res
551 367 681 410 istae
723 370 832 409 tam
875 363 1113 409 videntur
1154 361 1291 407 leves
1333 368 1456 407 tuae
1498 361 1760 424 gravitati,

252 450 405 496 quam
431 439 569 487 sunt,
593 434 747 477 iocari
771 430 895 477 mihi
925 447 1026 476 non
1050 429 1270 476 multum
1295 435 1444 475 vacat
1468 444 1479 483 ;
1520 432 1560 474 si
1586 434 1762 474 autem

252 517 432 564 graves
474 501 569 546 tibi
607 500 863 553 videntur,
901 501 1072 553 miror,
1112 498 1249 560 quod
1287 500 1550 543 nominum
1591 496 1764 541 absur-

253 569 418 615 ditate
451 574 707 614 commoto
740 570 792 612 in
824 573 1055 612 mentem
1088 583 1191 612 non
1222 568 1422 611 venerit
1452 563 1644 610 habere
1677 579 1764 609 vos

255 643 309 682 et
332 639 384 681 in
409 635 758 682 sacerdotibus
782 634 1096 681 Eucaddires
1122 640 1176 679 et
1199 636 1252 678 in
1275 634 1567 679 numinibus
1592 631 1766 678 Abad-

254 704 403 750 dires.
474 703 589 749 Non
632 710 759 765 puto
806 719 902 765 ego
945 705 1046 748 ista
1089 703 1203 756 tibi,
1246 718 1362 747 cum
1406 701 1670 755 scriberes,
1712 702 1766 744 in

256 775 424 817 animo
447 788 550 817 non
571 769 746 826 fuisse,
768 771 860 817 sed
882 787 1022 816 more
1046 768 1381 816 humanitatis
1406 775 1460 815 et
1481 768 1666 832 leporis
1688 769 1765 813 tui

255 837 694 885 commonefacere
721 855 811 884 nos
838 837 1041 884 voluisti
1069 838 1133 884 ad
1158 836 1495 884 relaxandum
1523 840 1767 890 animum,

256 914 452 970 quanta
480 910 533 952 in
561 914 733 953 vestra
761 909 1125 969 superstitione
1153 906 1369 952 ridenda
1396 908 1514 951 sint.
1584 904 1767 967 Neque

258 979 394 1021 enim
414 991 575 1038 usque
597 975 725 1021 adeo
744 981 798 1020 te
817 978 984 1036 ipsum
1004 973 1227 1020 oblivisci
1245 976 1518 1036 potuisses,
1537 980 1596 1019 ut
1614 972 1766 1019 homo

258 1041 385 1090 Afer
406 1043 630 1089 scribens
654 1041 810 1098 Afris,
833 1059 948 1088 cum
972 1045 1127 1089 simus
1150 1045 1356 1105 utrique
1379 1044 1432 1087 in
1455 1040 1629 1087 Africa
1651 1057 1769 1087 con-

257 1114 446 1166 stituti,
468 1110 659 1156 Punica
680 1113 887 1156 nomina
909 1110 1220 1174 exagitanda
1244 1113 1579 1156 existimares.
1635 1109 1767 1155 Nam

258 1182 299 1225 si
327 1195 388 1225 ea
414 1177 661 1225 vocabula
685 1181 1106 1241 interpretemur,
1133 1177 1455 1241 Namphamo
1483 1178 1606 1241 quid
1633 1176 1771 1224 aliud

258 1246 512 1310 significat
537 1263 692 1309 quam
722 1247 843 1293 boni
872 1247 1018 1309 pedis
1048 1245 1309 1292 hominem
1332 1247 1350 1292 ?
1419 1245 1481 1292 Id
1505 1252 1603 1301 est,
1627 1248 1769 1292 cuius

261 1315 512 1361 adventus
560 1313 763 1361 adferat
809 1313 1002 1377 aliquid
1046 1313 1326 1369 felicitatis,
1372 1317 1503 1360 sicut
1549 1313 1769 1368 solemus

259 1383 428 1430 dicere
464 1382 688 1429 secundo
722 1383 856 1445 pede
890 1385 1146 1438 introisse,
1180 1385 1321 1429 cuius
1354 1385 1623 1429 introitum
1657 1398 1772 1445 pro-

259 1453 476 1513 speritas
522 1450 692 1513 aliqua
734 1458 1009 1497 consecuta
1053 1454 1134 1497 sit.
1204 1450 1350 1509 Quae
1393 1450 1569 1514 lingua
1613 1453 1653 1496 si
1695 1453 1770 1495 in-

260 1519 507 1581 probatur
532 1519 621 1564 abs
646 1525 719 1574 te,
743 1534 877 1581 nega
902 1518 1104 1565 Punicis
1126 1518 1285 1574 libris,
1309 1526 1368 1565 ut
1393 1535 1423 1564 a
1446 1522 1562 1565 viris
1587 1518 1773 1565 doctis-

261 1589 398 1633 simis
437 1586 688 1648 proditur,
726 1586 890 1632 multa
929 1590 1191 1649 sapienter
1230 1603 1340 1633 esse
1380 1587 1627 1633 mandata
1664 1602 1771 1632 me-

260 1657 488 1709 moriae;
547 1657 815 1716 paeniteat
858 1661 911 1700 te
956 1661 1096 1700 certe
1139 1655 1208 1700 ibi
1251 1661 1450 1710 natum,
1493 1655 1580 1701 ubi
1621 1653 1771 1700 huius

261 1721 467 1785 linguae
504 1721 758 1768 cunabula
791 1721 1036 1768 recalent.
1104 1721 1155 1768 Si
1191 1739 1310 1768 vero
1348 1729 1402 1768 et
1438 1739 1589 1769 sonus
1625 1723 1771 1769 nobis

263 1796 436 1835 noster
465 1806 567 1835 non
593 1789 967 1836 rationabiliter
994 1789 1229 1852 displicet
1259 1797 1312 1836 et
1340 1807 1423 1836 me
1452 1791 1586 1837 bene
1614 1793 1772 1837 inter-

263 1863 526 1919 pretatum
562 1856 688 1903 illud
725 1857 1027 1904 vocabulum
1064 1861 1401 1922 recognoscis,
1437 1857 1596 1905 habes
1634 1858 1773 1922 quod

265 1941 560 1972 suscenseas
595 1925 819 1989 Vergilio
857 1932 966 1982 tuo,
1002 1929 1088 1989 qui
1125 1925 1401 1973 Herculem
1437 1934 1663 1973 vestrum
1707 1927 1772 1974 ad

337 2096 358 2116 ⁰
388 2091 594 2133 Abaddir
614 2094 648 2133 is
670 2107 695 2133 a
718 2093 987 2134 Phoenician
1009 2095 1146 2147 deity,
1164 2095 1384 2148 probably
1401 2100 1447 2136 to
1468 2096 1522 2136 be
1543 2095 1770 2137 identified

279 2147 386 2187 with
409 2147 519 2187 Baal
539 2147 684 2188 Addir
704 2162 753 2188 or
775 2148 885 2189 Baal
907 2150 1160 2196 Hammon;
1192 2151 1266 2191 the
1286 2150 1408 2191 word
1429 2150 1551 2191 itself
1575 2153 1610 2190 is
1632 2150 1773 2191 Punic

279 2202 349 2264 for
379 2202 404 2216 “
424 2202 607 2253 Mighty
637 2202 671 2242 F
675 2202 845 2243 ather.''
908 2203 1002 2244 The
1032 2204 1306 2268 Eucaddires
1338 2219 1448 2245 were
1477 2205 1668 2257 perhaps
1697 2205 1773 2246 the

281 2269 374 2335 pube
378 2260 453 2349 SI'ESU
460 2257 541 2350 hiet
545 2256 752 2351 Ιίῗὲεριῗῒῒῇ
759 2257 852 2352 Ιὴίῗὶ
858 2258 960 2364 ἆξῗγ
964 2259 1103 2364 vss(1))1odk
1108 2273 1191 2359 Lsn?
1197 2261 1307 2354 {tngo
1311 2259 1581 2366 11Λῗιῖιίἐῑιὶὲΐίῑὲίῗιγξ
1585 2273 1704 2354 eggye
1709 2313 1773 2354 ral

282 2366 411 2404 times
438 2364 601 2415 speaks
629 2367 679 2404 of
703 2366 776 2405 the
805 2367 915 2406 need
945 2369 1014 2407 for
1041 2370 1197 2419 priests
1221 2367 1443 2420 speaking
1468 2368 1566 2408 that
1593 2372 1772 2420 tongue.

284 2418 510 2458 Arnobius
541 2419 715 2467 Junior,
749 2423 926 2473 writing
958 2424 1001 2462 in
1033 2422 1107 2462 the
1136 2422 1237 2462 fifth
1266 2427 1467 2474 century,
1499 2435 1602 2474 says
1634 2422 1774 2463 Punic

284 2486 374 2513 was
394 2473 483 2513 still
504 2473 576 2513 the
598 2473 821 2526 language
843 2476 892 2514 of
917 2476 991 2515 the
1013 2475 1169 2527 people
1190 2478 1241 2517 of
1264 2477 1338 2517 the
1359 2477 1468 2517 little
1493 2476 1660 2528 Syrtes,
1683 2476 1773 2517 and

284 2542 310 2566 a
331 2527 549 2580 bilingual
571 2530 829 2582 inscription
847 2529 926 2570 has
948 2530 1058 2571 been
1079 2531 1219 2571 found
1236 2545 1284 2572 as
1306 2531 1391 2571 late
1412 2544 1460 2571 as
1476 2534 1558 2572 539
1581 2530 1774 2583 (Corpus

282 2596 344 2639 ,24
