1866 2964
756 204 848 253 ST.
884 204 1291 251 AUGUSTINE

271 340 358 400 qui
384 340 487 383 iam
513 339 567 382 in
601 335 697 383 hac
726 343 901 383 aetate
931 342 1149 383 cernunt
1184 353 1339 399 quam
1367 338 1434 382 sit
1462 351 1603 381 amor
1628 332 1779 380 huius

270 397 458 452 saecffli
497 403 808 468 periculosus
851 411 906 451 et
946 407 1143 450 noxius.
1187 405 1363 467 Atque
1405 406 1623 458 utinam,
1663 418 1780 449 cum

268 490 457 537 magna
494 480 547 519 et
583 473 711 520 dura
751 475 1073 536 quatiuntur,
1108 488 1265 534 parva
1301 479 1356 518 et
1390 469 1635 518 flexibilia
1674 486 1781 516 cor-

268 545 516 605 rigantur.
539 541 620 587 De
641 541 791 587 domo
815 540 901 586 illa
920 540 1043 603 quid
1062 540 1246 596 dicam,
1263 542 1359 586 nisi
1382 540 1780 602 benignissimae

269 617 392 656 tuae
431 625 582 656 curae
633 612 825 673 gratias
874 609 1065 672 agam?
1135 608 1268 654 Nam
1308 624 1423 654 63111
1462 623 1618 670 quam
1657 606 1780 653 dare

269 694 555 740 possumus,
600 676 799 732 nolunt,
846 693 1001 739 quam
1053 675 1232 722 volunt
1281 682 1458 722 autem
1510 674 1633 722 dare
1678 690 1782 720 non

267 762 550 808 possumus.
620 744 802 808 Neque
837 748 991 800 6111111,
1015 747 1147 791 516111
1170 742 1298 790 falso
1324 743 1616 798 audierunt,
1641 758 1671 788 3
1694 741 1782 788 de-

268 830 467 860 cessore
500 829 617 860 meo
649 812 830 859 relicta
865 820 944 859 est
979 812 1242 868 ecclesiae,
1276 812 1367 859 sed
1399 814 1536 858 inter
1571 812 1784 872 antiqua

271 885 378 928 eius
412 882 624 944 praedia
658 881 948 944 possidetur
984 887 1038 927 61
1074 883 1318 943 antiquae
1355 878 1504 926 alteri
1539 877 1783 925 ecclesiae

270 953 340 996 516
375 948 618 996 cohaeret
656 966 811 1013 quem
849 949 914 996 ad
950 948 1160 996 modum
1206 952 1307 995 ista
1353 963 1456 1011 qua
1492 947 1557 994 de
1595 948 1784 1010 agitur,

273 1017 437 1065 alteri.

825 1127 918 1173 No.
947 1133 1007 1174 27
1033 1126 1148 1190 (Ep.
1176 1126 1235 1191 C)

280 1236 541 1279 DOMINO
572 1235 809 1278 EXIMIO
843 1235 1223 1286 MERITOQUE
1258 1233 1662 1276 HONORABILI
1694 1232 1784 1274 IN-

401 1301 835 1352 SIGNITERQUE
891 1300 1243 1342 LAUDABILI
1298 1298 1470 1341 FILIO
1521 1297 1783 1341 DONATO

395 1366 807 1409 AUGUSTINUS
840 1366 908 1407 IN
939 1365 1201 1407 DOMINO
1233 1364 1531 1407 SALUTEM

342 1465 543 1512 Nollem
568 1465 775 1529 quidem
799 1468 852 1511 in
875 1463 951 1510 his
977 1463 1330 1510 afflictionibus
1356 1479 1466 1510 esse
1490 1461 1784 1510 Africanam

279 1533 543 1581 ecclesiam
578 1536 930 1588 constitutam,
965 1539 1024 1579 ut
1058 1539 1295 1579 terrenae
1329 1530 1476 1578 ullius
1510 1533 1782 1594 potestatis

277 1603 533 1666 indigeret
577 1601 779 1648 auxilio.
849 1599 952 1647 Sed
994 1603 1130 1663 quia,
1172 1603 1303 1646 516111
1345 1598 1601 1662 apostolus
1643 1598 1784 1654 dicit,

277 1687 367 1717 non
409 1676 477 1716 est
510 1676 721 1734 potestas
761 1667 853 1715 nisi
895 1685 923 1714 α
965 1667 1066 1724 deo,
1107 1666 1281 1730 procul
1322 1667 1493 1724 dubio,
1536 1683 1652 1713 cum
1692 1682 1785 1730 per

278 1755 365 1785 vos
396 1740 755 1784 sincerissimos
792 1735 1071 1783 catholicae
1102 1738 1277 1782 matris
1315 1735 1440 1782 filios
1471 1735 1639 1782 eidem
1668 1734 1784 1781 sub-

279 1810 497 1862 venitur,
540 1805 767 1852 auxilium
808 1811 1014 1851 nostrum
1055 1804 1103 1850 in
1144 1803 1326 1850 nomine
1365 1802 1540 1850 domini
1578 1808 1663 1859 est,
1704 1800 1785 1866 qui

267 1874 394 1940 fecit
437 1873 614 1920 caelum
660 1880 701 1920 et
746 1880 930 1919 terram.
1001 1871 1125 1930 Quis
1173 1875 1308 1918 enim
1353 1888 1455 1918 non
1498 1873 1689 1918 sentiat
1732 1873 1784 1916 in

338 1999 357 2018 ‘²
387 1994 429 2034 It
467 1996 502 2034 15
538 1995 769 2034 uncertain
807 1992 952 2033 which
988 1992 1204 2033 61111161165
1241 2005 1315 2032 316
1353 1991 1457 2032 11616
1494 1994 1659 2032 11163111.
1729 1989 1782 2030 111

277 2048 480 2089 addition
520 2053 566 2089 to
607 2048 683 2089 the
724 2048 934 2088 Donatist
973 2047 1141 2087 church
1181 2046 1272 2087 and
1313 2046 1498 2087 basilica
1537 2045 1783 2086 Leontiana

280 2103 535 2144 mentioned
575 2105 619 2143 in
659 2102 743 2155 Ep.
783 2104 898 2143 xxix.
944 2106 989 2142 11
1031 2101 1174 2142 above
1211 2101 1274 2153 (p.
1316 2102 1406 2151 89),
1443 2100 1568 2141 there
1597 2114 1710 2141 were
1737 2103 1785 2140 at

281 2159 434 2210 Hippo
463 2157 589 2198 other
617 2159 718 2198 four
745 2157 990 2197 churches:
1037 2156 1112 2196 the
1142 2156 1325 2196 basilica
1353 2156 1496 2196 maior
1523 2169 1573 2196 or
1601 2155 1785 2196 basilica

279 2213 426 2260 Pacis,
446 2212 598 2252 beside
618 2212 762 2252 which
783 2225 873 2251 was
894 2225 919 2251 a
940 2210 1098 2262 chapel
1118 2215 1163 2251 to
1186 2210 1250 2251 St.
1274 2210 1471 2262 Stephen
1491 2210 1596 2262 (Ep.
1623 2211 1783 2258 ccxiii„

286 2268 394 2308 CJ).
420 2269 521 2307 xxii.
549 2270 587 2307 8.
613 2270 683 2313 9252,
713 2267 849 2307 Serm.
879 2269 979 2312 318,
1007 2268 1106 2312 319,
1135 2266 1263 2315 356);
1295 2264 1370 2306 the
1397 2265 1581 2305 basilica
1607 2265 1667 2304 ad
1694 2269 1784 2305 octo

280 2328 510 2374 martyres,
533 2320 648 2361 built
674 2321 736 2373 by
762 2322 1015 2372 Augustine
1038 2320 1197 2371 (Serm.
1226 2323 1325 2360 356.
1360 2320 1454 2370 10);
1484 2333 1512 2359 3
1539 2318 1698 2371 chapel
1725 2320 1785 2359 ad

281 2377 444 2428 viyinti
476 2381 691 2427 martyres
723 2375 856 2427 (OD.
890 2376 992 2415 xxii.
1027 2377 1066 2415 8.
1101 2377 1143 2422 9,
1178 2374 1316 2415 Serm.
1355 2377 1450 2422 148,
1482 2374 1602 2424 325),
1633 2373 1724 2414 and
1757 2387 1785 2414 3

279 2430 437 2482 chapel
453 2429 687 2470 dedicated
703 2434 749 2470 to
769 2429 832 2471 St.
851 2429 1111 2482 Theogenes
1129 2429 1356 2481 (memoria
1371 2429 1515 2470 sancti
1534 2428 1783 2480 Theoqeni8‚

282 2486 420 2526 Serm.
443 2488 541 2525 273.
566 2486 624 2535 7).

341 2539 356 2561 ὸ
388 2540 482 2580 The
518 2553 648 2579 name
685 2540 719 2579 15
755 2539 804 2578 of
834 2552 941 2589 very
975 2537 1183 2589 frequent
1216 2550 1479 2578 occurrence
1519 2539 1563 2577 in
1603 2536 1780 2583 African

280 2595 324 2634 in
354 2594 646 2646 Augustine’s
674 2592 821 2633 works
851 2593 973 2633 there
1004 2606 1077 2633 are
1108 2592 1247 2633 about
1277 2591 1549 2644 twenty-five
1579 2591 1786 2632 different

290 2666 384 2706 182
