1866 2964
758 176 849 223 ST.
888 174 1296 223 AUGUSTINE

270 328 555 374 pauperum
599 327 772 357 curam
814 312 1014 373 inpigra
1056 307 1400 354 misericordia
1441 305 1785 370 facillimoque

273 398 441 441 animo
481 395 921 456 benignissimum,
963 391 1237 438 dubitabat
1277 398 1455 437 tamen
1495 388 1787 452 aliquando,

273 484 331 524 ut
362 477 513 523 modo
546 476 689 522 nobis
721 474 941 530 rettulit,
974 491 1089 520 cum
1122 472 1287 520 adhuc
1321 479 1457 519 esset
1489 471 1787 519 adulescens

275 567 327 606 et
355 563 407 605 in
434 558 509 604 his
540 557 844 621 elemosynis
873 555 1294 611 ferventissimus,
1321 562 1494 601 utrum
1524 560 1660 600 esset
1687 552 1789 599 ulla

274 645 379 688 vita
415 648 532 704 post
569 648 805 687 mortem.
877 639 1041 685 Huius
1079 641 1236 702 igitur
1272 645 1504 684 mentem
1543 643 1597 683 et
1633 651 1790 698 opera

274 724 649 770 misericordiae
691 725 932 785 quoniam
973 721 1098 768 deus
1139 719 1276 766 nullo
1315 719 1468 766 modo
1508 718 1789 773 desereret,

276 810 513 869 apparuit
545 805 615 851 illi
648 808 700 851 in
733 807 920 851 somnis
955 805 1254 865 conspicuus
1288 804 1483 848 iuvenis
1519 808 1572 848 et
1605 801 1788 864 dignus

274 889 474 935 intendi
516 891 664 951 eique
706 887 871 934 dixit:
932 885 1211 948 “Sequere
1252 883 1388 931 me.’'
1458 882 1627 942 Quem
1667 883 1790 930 dum

276 978 596 1035 sequeretur,
627 973 769 1016 venit
801 968 866 1015 ad
896 968 1155 1031 quandam
1186 970 1466 1022 civitatem,
1497 966 1584 1012 ubi
1615 965 1791 1012 audire

278 1057 449 1115 coepit
486 1070 515 1099 a
551 1053 735 1099 dextra
770 1058 919 1114 parte
956 1066 1102 1097 sonos
1140 1052 1468 1096 suavissimae
1503 1047 1791 1095 cantilenae

280 1136 413 1183 ultra
439 1135 641 1182 solitam
659 1141 940 1196 notamque
958 1135 1268 1179 suavitatem
1293 1147 1304 1187 3
1339 1138 1463 1178 tunc
1481 1130 1564 1177 ille
1588 1133 1792 1177 intento

280 1219 524 1282 quidnam
573 1223 726 1272 esset,
775 1219 847 1262 ait
894 1214 1110 1278 hymnos
1160 1230 1269 1260 esse
1317 1214 1587 1260 beatorum
1635 1219 1793 1275 atque

280 1307 606 1355 sanctorum3
672 1302 875 1345 sinistra
922 1304 1098 1343 autem
1144 1303 1292 1358 parte
1340 1295 1463 1359 quid
1509 1312 1564 1342 se
1610 1295 1795 1342 vidisse

280 1382 499 1439 rettulit,
537 1399 639 1428 non
677 1384 798 1427 satis
836 1382 1061 1426 memini.
1140 1377 1415 1442 Evigilavit
1453 1384 1506 1425 et
1542 1380 1795 1424 somnium

282 1465 483 1529 aufugit
513 1471 822 1526 tantumque
853 1462 917 1509 de
947 1461 1031 1508 illo
1062 1468 1313 1524 quantum
1343 1460 1408 1508 de
1436 1463 1632 1508 somnio
1661 1462 1796 1523 cogi-

281 1551 428 1595 tavit.

232 1642 257 1679 4
346 1630 461 1676 Alia
481 1647 600 1676 vero
620 1635 771 1675 nocte
794 1644 910 1674 ecce
931 1627 1069 1673 idem
1089 1629 1198 1689 ipse
1218 1628 1414 1672 iuvenis
1436 1625 1605 1672 eidem
1623 1641 1794 1671 rursus

284 1716 538 1776 apparuit,
566 1719 722 1774 atque
754 1711 817 1757 ab
850 1709 934 1756 illo
961 1716 1133 1755 utrum
1160 1715 1552 1772 cognosceretur
1583 1710 1799 1754 interro-

283 1799 460 1860 gavit3
526 1793 791 1856 respondit
848 1795 945 1839 iste
996 1791 1133 1854 quod
1193 1807 1311 1838 eum
1358 1791 1492 1837 bene
1540 1789 1797 1853 pleneque

284 1884 630 1941 cognosceret.
716 1876 849 1922 Tum
904 1874 987 1920 ille
1045 1877 1298 1937 quaesivit
1353 1873 1440 1920 ubi
1495 1889 1550 1919 se
1605 1879 1796 1919 nosset.

287 1961 394 2008 Nec
411 1962 686 2006 memoriae
705 1956 871 2005 defuit
888 1957 1011 2020 quid
1030 1960 1127 2003 iste
1145 1956 1429 2003 identidem
1445 1955 1799 2018 responderet,

284 2051 558 2106 totumque
607 2045 769 2087 visum
816 2040 959 2086 illum
1006 2038 1327 2103 hymnosque
1375 2045 1685 2094 sanctorum,
1734 2037 1799 2084 ad

286 2143 411 2189 quos
448 2124 726 2172 audiendos
764 2140 823 2169 eo
859 2122 987 2169 duce
1023 2128 1253 2177 venerat,
1289 2137 1391 2184 qua
1424 2123 1798 2167 recentissimos

286 2208 651 2255 recordabatur
693 2204 958 2260 facilitate,
1002 2207 1241 2250 narravit.
1326 2203 1423 2249 Hic
1464 2202 1548 2249 ille
1590 2219 1802 2265 percon-

287 2298 427 2337 tatus
466 2297 545 2336 est
582 2296 876 2335 utrumnam
913 2287 965 2333 id
1002 2286 1138 2349 quod
1176 2292 1488 2341 narraverat,
1524 2288 1576 2331 in
1612 2287 1800 2331 somnis

288 2373 497 2419 vidisset
530 2388 594 2417 an
626 2370 873 2434 vigilans3
922 2369 1186 2431 respondit
1212 2385 1222 2415 z
1273 2367 1300 2383 ‘⁴
1328 2367 1388 2414 In
1419 2365 1660 2414 somnis.'’
1728 2367 1801 2413 At

288 2455 372 2501 ille
398 2471 407 2500 z
448 2453 475 2470 “
502 2452 694 2521 Bene3''
716 2455 900 2515 inquit,
922 2450 950 2466 “
975 2450 1151 2497 recolis
1176 2465 1188 2506 3
1227 2466 1404 2496 verum
1426 2456 1521 2506 est,
1541 2452 1595 2495 in
1614 2451 1802 2495 somnis

290 2536 374 2583 illa
395 2537 563 2584 vidisti
588 2551 599 2592 3
637 2535 728 2582 sed
750 2537 907 2582 etiam
926 2550 1059 2581 nunc
1079 2536 1130 2579 in
1150 2535 1336 2579 somnis
1357 2539 1411 2580 te
1431 2531 1604 2579 videre
1623 2528 1804 2578 scieS.''

301 2629 394 2674 278
