1866 2964
749 142 840 191 ST.
878 142 1287 191 AUGUSTINE

258 293 348 322 nos
368 278 468 322 tuis
486 274 672 322 litteris
691 276 1016 323 maestificari
1041 275 1264 322 noluisti.
1322 275 1537 323 Prodest
1564 275 1772 339 aliquid,

258 365 509 421 quantum
542 375 637 421 ego
670 360 903 414 arbitror,
936 362 1093 405 etiam
1123 361 1222 404 ista
1253 375 1577 422 cognoscere,
1608 361 1771 421 primo

259 443 377 502 quia
420 443 666 486 iniustum
712 448 789 487 est
829 440 1038 505 gaudere
1075 439 1202 486 velle
1240 457 1341 486 cum
1374 439 1687 504 gaudentibus
1730 446 1772 485 et

242 523 367 585 flere
409 539 510 568 non
552 522 681 569 velle
724 540 826 569 cum
853 521 1100 586 flentibus,
1143 522 1330 569 deinde
1374 526 1493 585 quia
1536 521 1772 569 tribulatio

251 603 527 667 patientiam
589 611 824 668 operatur,
878 603 1109 669 patientia
1163 602 1501 667 probationem,
1555 603 1771 667 probatio

258 703 402 750 spem,
429 703 535 750 spes
563 693 714 733 autem
745 704 837 733 non
864 684 1128 750 confundit,
1155 685 1268 750 quia
1294 685 1469 732 caritas
1495 685 1569 732 dei
1595 685 1773 750 diffusa

257 775 324 815 est
359 768 406 815 in
442 768 657 816 cordibus
691 768 863 816 nostris
889 786 977 833 per
1011 767 1224 832 spiritum
1261 774 1488 824 sanetum,
1521 767 1602 832 qui
1634 766 1773 814 datus

258 857 325 897 est
347 850 493 898 nobis.

209 940 234 978 2
323 934 475 980 Absit
526 937 703 997 itaque
758 940 816 980 ut
868 949 1160 980 recusemus
1215 933 1390 979 audire
1436 935 1594 978 etiam
1639 947 1771 995 quae

259 1033 431 1062 amara
491 1023 544 1062 et
600 1019 768 1063 tristia
825 1023 945 1062 sunt
1014 1032 1137 1080 erga
1205 1017 1486 1061 carissimos
1555 1021 1771 1061 nostros.

260 1098 443 1145 Nescio
474 1116 574 1162 quo
607 1102 743 1145 enim
772 1099 925 1145 modo
955 1101 1121 1144 minus
1154 1097 1211 1144 fit
1253 1097 1392 1160 quod
1420 1096 1602 1160 patitur
1630 1114 1771 1143 unum

259 1179 525 1237 membrum,
555 1184 595 1227 si
625 1180 966 1245 compatiuntur
995 1179 1093 1227 alia
1124 1178 1340 1226 membra.
1375 1179 1483 1226 Nec
1511 1182 1623 1242 ipsa
1651 1177 1773 1225 mali

259 1262 504 1310 relevatio
540 1263 598 1310 fit
631 1280 724 1326 per
757 1266 1168 1310 communionem
1203 1261 1358 1308 cladis
1393 1261 1485 1308 sed
1516 1277 1610 1324 per
1644 1260 1772 1307 sola-

259 1349 389 1392 tium
429 1349 674 1401 caritatis,
715 1353 791 1402 ut,
832 1348 1061 1409 quamvis
1104 1344 1187 1390 alii
1226 1343 1439 1390 ferendo
1484 1347 1772 1406 patiuntur,

260 1428 343 1474 alii
374 1429 727 1492 cognoscendo
760 1431 1160 1490 compatiuntur,
1186 1429 1466 1473 communis
1499 1429 1565 1473 sit
1593 1433 1771 1472 tamen

258 1510 540 1567 tribulatio,
569 1512 752 1574 quibus
781 1511 1034 1573 probatio,
1063 1526 1197 1572 spes,
1226 1508 1431 1555 dilectio
1461 1511 1771 1571 spiritusque

260 1597 540 1639 communis
557 1601 653 1641 est.
698 1593 890 1640 Omnes
908 1599 1082 1638 autem
1102 1608 1192 1638 nos
1213 1592 1446 1638 dominus
1465 1589 1773 1646 consolatur,

262 1679 348 1739 qui
382 1683 435 1722 et
466 1675 593 1722 haec
624 1674 927 1738 temporalia
958 1674 1093 1720 mala
1124 1674 1381 1737 praedixit
1415 1680 1468 1719 et
1498 1679 1615 1735 post
1646 1671 1774 1718 haec

261 1759 395 1805 bona
433 1766 645 1805 aeterna
680 1760 927 1820 promisit.
969 1757 1075 1803 Nec
1113 1757 1289 1811 debet,
1326 1772 1441 1802 cum
1477 1754 1775 1818 proeliatur,

262 1839 487 1904 infringi,
523 1844 609 1904 qui
646 1839 755 1886 vult
797 1847 913 1902 post
955 1837 1204 1902 proelium
1242 1840 1488 1893 coronari,
1518 1840 1648 1883 vires
1687 1836 1772 1883 illo

261 1924 682 1969 subministrante
713 1922 1049 1977 certantibus,
1081 1924 1166 1984 qui
1196 1926 1471 1982 praeparat
1500 1918 1775 1966 ineffabilia

263 2005 398 2052 dona
420 2006 711 2051 victoribus.

212 2097 236 2136 3
326 2087 592 2150 Rescripta
639 2086 723 2132 illa
772 2093 945 2132 nostra
993 2102 1094 2131 non
1142 2085 1235 2131 tibi
1286 2084 1350 2130 ad
1397 2100 1488 2130 nos
1537 2081 1775 2129 auferant

262 2170 515 2216 scribendi
536 2169 790 2224 fiduciam,
809 2171 1112 2231 praesertim
1139 2170 1257 2230 quia
1281 2169 1519 2212 timorem
1544 2172 1774 2212 nostrum

263 2269 364 2298 non
412 2251 715 2314 inprobabili
765 2249 1062 2298 defensione
1111 2249 1298 2295 lenisti.
1369 2247 1609 2294 Parvulos
1657 2254 1773 2294 tuos

261 2333 599 2381 resalutamus
631 2341 684 2380 et
713 2337 765 2379 in
795 2332 996 2379 Christo
1026 2333 1118 2378 tibi
1149 2330 1489 2395 grandescere
1519 2336 1776 2392 optamus,

309 2502 326 2520 ⁰
362 2496 492 2537 Rom.
516 2498 588 2536 xii.
618 2499 681 2536 15.
842 2494 857 2518 ὁ
893 2494 1022 2534 Rom.
1046 2508 1086 2534 v.
1110 2496 1198 2534 3-5.
1361 2498 1376 2516 ⁶
1413 2495 1428 2531 l
1456 2490 1555 2532 Cor.
1579 2493 1652 2532 xii.
1674 2493 1744 2531 26.

280 2579 371 2619 180
