1866 2964
787 182 877 231 ST.
916 184 1324 232 AUGUSTINE

779 359 873 405 No.
903 364 963 406 26
990 359 1105 424 (Ep.
1134 358 1324 423 XCIX)

297 489 859 532 RELIGIOSISSIMAE
891 489 1103 540 ATQUE
1137 490 1204 530 IN
1231 489 1479 531 CHRISTI
1513 488 1807 552 MEMBRIS

429 555 673 596 MERITO
705 554 1079 604 SANCTEQUE
1113 555 1462 597 LAUDABILI
1496 554 1806 596 FAMULAE

428 621 534 660 DEI
595 620 890 661 ITALICAE
948 619 1358 661 AUGUSTINUS
1419 620 1486 660 IN
1545 618 1806 660 DOMINO

430 685 729 726 SALUTEM

252 825 270 862 l
361 815 484 861 Tres
523 814 767 877 epistulas
804 821 926 861 tuae
964 815 1299 878 benignitatis
1338 831 1655 877 acceperam,
1691 831 1808 860 cum

296 886 395 930 ista
414 886 647 945 rescripsi
671 899 681 929 :
720 899 875 929 unam
902 899 1034 945 quae
1062 881 1227 929 adhuc
1251 899 1392 929 meas
1415 882 1615 929 litteras
1637 885 1810 945 exige-

298 952 407 1006 bat,
442 950 656 997 alteram
692 967 824 1014 quae
866 951 931 997 ad
964 957 1018 997 te
1060 954 1163 997 iam
1204 953 1496 1013 pervenisse
1529 950 1808 1005 indicabat,

298 1022 509 1066 tertiam
565 1035 697 1082 quae
750 1017 1272 1065 benivolentissimam
1314 1036 1405 1082 pro
1448 1019 1593 1065 nobis
1635 1034 1809 1065 curam

299 1094 444 1133 tuam
486 1090 643 1133 etiam
684 1087 748 1133 de
789 1087 940 1133 domo
980 1086 1243 1133 clarissimi
1285 1094 1339 1133 et
1380 1089 1575 1150 egregii
1613 1089 1808 1132 iuvenis

298 1155 499 1210 Iuliani,
526 1171 657 1218 quae
683 1158 867 1201 nostris
895 1154 1143 1201 adhaeret
1167 1155 1467 1217 parietibus,
1492 1155 1807 1201 continebat.

301 1223 416 1281 Qua
453 1230 683 1285 accepta,
712 1226 953 1269 continuo
989 1223 1300 1285 respondere
1337 1240 1440 1269 non
1468 1221 1660 1278 distuli,
1689 1225 1809 1285 quia

298 1298 595 1353 procurator
639 1293 950 1337 eximietatis
993 1298 1116 1337 tuae
1159 1294 1260 1337 cito
1304 1307 1358 1336 se
1402 1290 1618 1337 Romam
1658 1306 1807 1353 posse

297 1362 507 1405 mittere
554 1361 768 1421 scripsit.
818 1358 972 1404 Cuius
1017 1358 1202 1405 litteris
1248 1361 1474 1422 graviter
1519 1359 1807 1404 contristati

297 1443 489 1482 sumus,
523 1427 660 1489 quod
700 1443 760 1472 ea
799 1443 931 1489 quae
973 1425 1072 1473 illic
1106 1430 1158 1472 in
1191 1427 1317 1473 urbe
1351 1426 1432 1472 vel
1464 1428 1595 1472 circa
1627 1427 1806 1472 urbem

297 1502 564 1559 geruntur,
583 1511 685 1540 non
704 1495 847 1541 nobis
866 1498 1123 1541 insinuare
1144 1497 1356 1550 curavit,
1375 1501 1433 1541 ut
1453 1501 1650 1540 certum
1671 1494 1808 1557 apud

298 1579 387 1609 nos
424 1563 571 1608 fieret
608 1563 745 1625 quod
779 1566 1006 1609 incertae
1039 1561 1209 1608 famae
1245 1562 1454 1609 credere
1491 1561 1805 1608 nolebamus.

300 1631 536 1676 Fratrum
585 1634 775 1693 quippe
822 1629 1007 1676 litteris
1055 1638 1176 1677 ante
1223 1633 1530 1677 transmissis
1577 1632 1806 1693 quamvis

298 1697 515 1745 molesta
542 1706 595 1744 et
620 1699 747 1744 dura
770 1697 934 1745 multo
964 1706 1141 1744 tamen
1172 1697 1362 1744 leviora
1397 1701 1635 1745 nuntiata
1670 1705 1805 1744 sunt.

301 1765 418 1812 Plus
455 1783 576 1812 sane
610 1783 764 1828 quam
801 1766 898 1812 dici
926 1773 1118 1829 potest,
1146 1769 1360 1813 miratus
1389 1783 1519 1822 sum,
1549 1766 1686 1829 quod
1714 1782 1808 1812 nec

299 1841 447 1880 tanta
473 1837 734 1880 occasione
761 1833 1023 1880 hominum
1049 1841 1255 1880 tuorum
1284 1833 1468 1880 fratres
1505 1837 1667 1880 sancti
1705 1837 1809 1896 epi—

301 1905 438 1964 scopi
474 1905 765 1964 scripserint
796 1918 890 1948 nec
916 1901 1135 1965 epistula
1159 1909 1251 1948 tua
1275 1905 1547 1965 quicquam
1572 1902 1716 1948 nobis
1742 1902 1806 1948 de

299 1973 458 2016 tantis
476 1969 889 2016 tribulationibus
908 1973 1087 2016 vestris
1106 1973 1456 2025 insinuaverit,
1475 1986 1606 2032 quae
1625 1972 1805 2032 utique

297 2054 389 2100 per
412 2041 604 2083 viscera
628 2041 854 2084 caritatis
881 2045 934 2084 et
959 2045 1163 2084 nostrae
1189 2045 1326 2093 sunt,
1345 2041 1441 2084 nisi
1465 2035 1598 2084 forte
1617 2035 1806 2084 facien-

300 2107 422 2152 dum
464 2123 566 2151 non
606 2109 819 2168 putasti,
859 2107 996 2169 quod
1037 2105 1160 2151 nihil
1200 2106 1441 2168 prodesse
1483 2106 1674 2152 duxisti
1716 2112 1807 2152 aut

365 2294 383 2312 ⁰
415 2288 640 2339 Probably
666 2288 874 2328 identical
899 2288 1003 2329 with
1028 2288 1103 2329 the
1130 2287 1286 2328 Italica
1309 2292 1355 2328 to
1381 2287 1528 2328 whom
1554 2288 1807 2340 Augustine

304 2348 439 2383 wrote
460 2343 544 2394 Ep.
567 2345 664 2383 xcii.
684 2348 729 2383 to
751 2342 928 2383 console
949 2343 1025 2383 her
1045 2357 1101 2383 on
1131 2343 1206 2384 the
1236 2342 1370 2383 death
1400 2343 1451 2382 of
1475 2342 1553 2382 her
1582 2341 1803 2382 husband.

307 2398 396 2438 She
420 2399 455 2436 is
479 2396 699 2449 probably
723 2397 816 2437 also
839 2397 913 2438 the
939 2397 1094 2438 Italica
1116 2402 1162 2438 to
1187 2397 1333 2437 whom
1357 2396 1647 2448 Chrysostom
1671 2401 1807 2437 wrote

308 2454 351 2491 in
379 2455 462 2492 406
490 2452 594 2503 (Ep.
615 2452 763 2498 clxx.),
785 2452 874 2492 and
896 2466 1085 2503 appears
1106 2457 1151 2491 to
1175 2452 1284 2492 have
1305 2451 1493 2503 enjoyed
1515 2451 1622 2491 both
1645 2451 1804 2491 wealth

309 2506 397 2546 and
431 2509 636 2557 position.
704 2506 797 2546 The
826 2505 1038 2558 calamity
1067 2511 1113 2546 to
1143 2506 1286 2546 which
1317 2506 1570 2558 Augustine
1599 2505 1734 2546 refers
1769 2507 1805 2545 is

306 2560 381 2601 the
402 2565 586 2612 capture
607 2562 658 2601 of
676 2561 818 2601 Rome
839 2562 883 2600 in
905 2563 988 2601 408
1011 2561 1072 2612 by
1094 2560 1258 2601 Alaric.

314 2630 405 2675 178
