1866 2964
255 717 274 754 l

784 182 875 230 ST.
913 180 1321 229 AUGUSTINE

757 358 851 404 No.
882 363 933 403 11
964 356 1080 420 (Ep.
1105 355 1351 419 xxxix&

311 467 571 510 DOMINO
639 466 873 508 EXIMIO
943 464 1322 515 MERITOQUE
1389 463 1807 508 SUSCIPIENDO

429 533 641 583 ATQUE
726 530 1128 573 HONORABILI
1219 530 1449 571 FRATRI
1535 529 1807 571 EUSEBIO

432 596 845 640 AUGUSTINUS

366 707 471 754 Scit
493 707 637 762 deus,
658 708 738 752 cui
758 703 1033 752 manifesta
1055 711 1175 751 sunt
1197 721 1381 751 arcana
1401 704 1564 751 cordis
1583 702 1813 760 humani,

302 793 555 850 quantum
608 801 790 848 pacem
844 782 999 847 diligo
1055 782 1415 839 Christianam,
1467 790 1674 830 tantum
1726 800 1811 829 me

300 867 493 911 moveri
525 862 782 926 sacrilegis
809 878 985 908 eorum
1007 860 1156 908 factis
1183 864 1270 924 qui
1290 864 1343 907 in
1366 864 1474 908 eius
1499 861 1812 908 dissensione

303 943 513 1006 indigne
557 948 715 1004 atque
757 943 913 1003 impie
955 947 1307 1003 perseverant,
1350 957 1571 1003 eumque
1613 947 1813 987 motum

305 1023 459 1067 animi
489 1022 592 1065 mei
623 1035 734 1065 esse
770 1018 1038 1081 pacificum
1073 1035 1243 1081 neque
1278 1034 1362 1065 me
1391 1018 1445 1065 id
1475 1035 1629 1082 agere
1659 1025 1718 1066 ut
1749 1019 1815 1066 ad

305 1101 716 1146 communionem
743 1096 1045 1143 catholicam
1073 1100 1343 1160 quisquam
1369 1104 1584 1161 cogatur
1608 1100 1816 1154 invitus,

305 1178 396 1224 sed
427 1184 485 1223 ut
516 1177 750 1223 omnibus
782 1176 1069 1222 errantibus
1101 1182 1281 1238 aperta
1310 1179 1498 1222 veritas
1528 1175 1818 1223 declaretur

308 1263 360 1303 et
386 1273 479 1318 per
504 1261 736 1301 nostrum
761 1257 1101 1300 ministerium
1128 1254 1225 1300 deo
1249 1257 1458 1301 iuvante
1483 1253 1818 1302 manifestata

309 1352 361 1381 se
403 1333 817 1396 amplectendam
857 1339 1014 1395 atque
1054 1333 1354 1379 sectandam
1395 1336 1518 1380 satis
1555 1336 1666 1396 ipsa
1702 1350 1818 1396 per-

307 1413 540 1460 suadeat.

267 1499 291 1537 2
377 1491 515 1550 Quid
540 1492 676 1536 enim
703 1488 1055 1545 execrabilius,
1080 1505 1271 1552 quaeso
1295 1496 1369 1545 te,
1393 1496 1453 1537 ut
1477 1489 1576 1536 alia
1598 1496 1820 1546 taceam,

309 1587 464 1633 quam
487 1569 539 1615 id
572 1568 710 1631 quod
732 1585 866 1614 nunc
891 1568 1074 1615 accidit
1095 1568 1112 1614 ?
1181 1567 1463 1631 Corripitur
1495 1569 1559 1616 ab
1583 1572 1821 1632 episcopo

311 1665 401 1694 suo
426 1650 622 1693 iuvenis
647 1647 835 1693 crebris
861 1646 1102 1693 caedibus
1128 1649 1305 1693 matris
1329 1650 1536 1694 insanus
1562 1654 1616 1694 et
1639 1650 1822 1710 impias

310 1743 491 1772 manus
527 1741 621 1771 nec
656 1724 751 1771 illis
787 1725 968 1771 diebus
1009 1741 1125 1771 cum
1162 1728 1318 1771 etiam
1361 1729 1607 1772 severitas
1646 1725 1822 1790 legum

311 1803 712 1851 sceleratissimis
750 1806 932 1865 parcit,
970 1819 1000 1848 a
1035 1804 1310 1850 visceribus
1351 1804 1488 1851 unde
1529 1811 1682 1851 natus
1727 1811 1825 1860 est,

313 1898 555 1928 revocans
581 1897 591 1937 ;
633 1884 859 1927 minatur
883 1881 1051 1928 eidem
1074 1884 1228 1928 matri
1251 1898 1305 1928 se
1328 1885 1380 1928 in
1403 1889 1606 1945 partem
1631 1883 1826 1930 Donati

315 1959 684 2007 translaturum
722 1966 776 2006 et
818 1976 932 2006 eam
970 1977 1124 2023 quam
1160 1960 1443 2007 incredibili
1481 1959 1651 2007 furore
1694 1960 1825 2008 solet

316 2039 551 2093 caedere,
581 2045 971 2100 perempturum
995 2054 1006 2094 3
1054 2041 1279 2085 minatur
1310 2041 1374 2095 ei,
1403 2042 1589 2086 transit
1619 2039 1684 2086 ad
1713 2056 1828 2102 par-

316 2124 425 2164 tem
472 2116 684 2171 Donati,
727 2117 1079 2179 rebaptizatur
1121 2115 1296 2164 furens
1341 2123 1396 2164 et
1438 2120 1491 2163 in
1534 2124 1826 2164 maternum

321 2198 623 2258 sanguinem
654 2193 878 2241 fremens
911 2194 1036 2241 albis
1066 2196 1294 2242 vestibus
1325 2196 1663 2253 candidatur3
1711 2213 1828 2243 con-

319 2277 550 2320 stituitur
592 2275 727 2319 intra
766 2272 1014 2319 cancellos
1056 2277 1285 2320 eminens
1328 2281 1485 2338 atque
1527 2277 1826 2337 conspicuus

383 2419 401 2437 ⁰
433 2414 493 2453 At
518 2413 688 2459 Easter,
713 2413 855 2461 when,
881 2415 999 2454 since
1021 2414 1096 2454 the
1120 2414 1256 2455 edicts
1280 2416 1331 2455 of
1349 2414 1391 2455 V
1393 2414 1635 2455 alentinian
1659 2417 1703 2456 in
1727 2418 1826 2464 367,

327 2468 399 2509 the
428 2469 601 2520 prisons
632 2482 744 2508 were
774 2467 944 2519 opened
976 2468 1065 2508 and
1095 2468 1155 2508 all
1183 2471 1404 2521 prisoners
1434 2469 1642 2518 released‚
1673 2474 1829 2522 except

323 2523 468 2618 {30}ss
484 2521 629 2628 gg)ilty
664 2523 715 2564 of
746 2536 867 2565 more
902 2525 1068 2564 serious
1103 2526 1259 2566 crimes
1295 2524 1424 2577 (Cod.
1464 2524 1618 2566 Theod.
1654 2524 1731 2566 lib.
1769 2526 1824 2567 ix,

327 2647 390 2695 92
