1850 2964
728 211 820 259 ST.
859 210 1268 258 AUGUSTINE

245 353 340 402 est,
380 352 574 409 quanto
612 347 845 409 graviore
885 344 1072 391 damno
1109 359 1350 406 percussa
1386 341 1560 399 fueris,
1598 357 1754 406 quam

243 428 363 468 sunt
401 421 487 467 illa
525 420 663 467 lucra
705 437 837 484 quae
878 419 1121 466 caelestia
1160 419 1439 483 cogitabas.
1524 417 1576 483 Si
1616 419 1753 465 enim

241 496 402 544 habet
445 498 516 544 ibi
560 513 806 561 magnum
851 495 1018 542 locum
1061 498 1207 558 panis
1252 493 1444 542 fractus
1491 495 1753 550 esurienti,

243 580 494 637 quantum
516 572 683 619 locum
705 573 776 618 ibi
798 571 1055 618 credenda
1079 578 1158 618 est
1189 570 1381 618 habere
1410 569 1756 617 misericordia

243 666 345 712 qua
380 648 531 695 homo
570 651 783 711 eripitur
820 646 1040 704 diabolo,
1065 654 1333 710 tamquam
1368 645 1504 693 leoni
1527 646 1755 710 rugienti

244 732 298 772 et
323 741 478 788 quem
503 725 716 771 devoret
739 726 1019 787 inquirenti
1043 723 1053 770 l

193 808 217 847 7
309 801 491 864 Neque
524 799 619 847 hoc
651 804 726 847 ita
759 800 990 855 dicimus,
1023 805 1100 856 ut,
1133 801 1173 845 si
1207 801 1477 862 quisquam
1509 795 1757 845 scandali·

242 884 387 924 zatus
409 876 566 924 fuerit
588 878 652 924 de
673 878 818 924 bonis
841 877 1078 939 operibus
1100 878 1303 932 nostriS,
1326 876 1391 922 ab
1413 878 1484 922 eis
1506 875 1757 922 desisten-

244 954 367 1000 dum
407 961 686 1017 putemus;
747 953 838 999 sed
881 952 979 998 alia
1019 968 1173 999 causa
1215 958 1294 998 est
1336 950 1616 998 alienarum
1658 948 1758 997 alia

243 1032 644 1076 necessariarum
682 1032 735 1075 in
766 1031 1022 1075 'societate
1063 1027 1233 1091 aliqua
1269 1043 1620 1091 personarum,
1659 1024 1759 1073 alia

244 1105 405 1152 fidelis
450 1105 549 1151 alia
588 1104 824 1160 infidelis,
869 1103 967 1150 alia
1007 1110 1282 1167 parent-um
1325 1119 1448 1168 erga
1489 1101 1616 1150 filios
1659 1100 1758 1148 alia

244 1181 461 1228 filiorum
489 1198 611 1245 erga
636 1187 898 1244 parentes,
927 1179 1025 1226 alia
1049 1186 1311 1242 postremo
1340 1195 1402 1226 ea
1428 1195 1562 1243 quae
1593 1181 1648 1225 in
1677 1176 1757 1224 his

243 1257 396 1303 rebus
432 1256 513 1302 vel
547 1259 771 1302 maxime
807 1255 1059 1302 intuenda
1095 1261 1192 1311 est,
1227 1257 1320 1301 viri
1356 1260 1411 1301 et
1446 1256 1634 1310 uxoris,
1669 1253 1758 1300 ubi

242 1331 510 1378 mulierem
529 1335 857 1396 coniugatam
876 1348 978 1378 non
1000 1330 1122 1377 licet
1148 1331 1317 1378 dicere
1342 1347 1353 1377 :
1390 1329 1418 1346 ‘⁴
1444 1330 1596 1377 Facio
1621 1328 1760 1393 quod

244 1408 356 1455 volo
391 1409 455 1455 de
488 1407 658 1464 meo,''
693 1425 808 1454 cum
844 1414 898 1454 et
933 1410 1044 1470 ipsa
1076 1424 1179 1453 non
1215 1409 1282 1453 sit
1317 1422 1410 1453 sua
1444 1406 1537 1453 sed
1571 1408 1754 1469 capitis

245 1488 339 1540 sui,
381 1484 476 1532 hoc
526 1491 604 1531 est
646 1488 737 1530 viri
780 1488 871 1531 sui.
941 1483 1071 1530 Nam
1119 1482 1186 1530 sic
1227 1482 1476 1547 quaedam,
1516 1489 1577 1529 ut
1622 1499 1758 1529 com-

244 1568 498 1607 memorat
535 1559 792 1623 apostolus
830 1559 1032 1615 Petrus,
1067 1558 1281 1606 mulieres
1315 1564 1521 1615 sanctae,
1556 1574 1678 1623 quae
1709 1556 1760 1605 in

246 1635 381 1683 deum
418 1634 686 1700 sperabant,
724 1634 953 1683 ornabant
989 1652 1038 1682 se
1075 1633 1303 1682 subiectae
1339 1633 1439 1682 suis
1474 1633 1606 1691 viris,
1643 1633 1763 1681 sicut

246 1711 395 1758 Sarra
419 1710 752 1776 obsequebatur
775 1710 996 1757 Abrahae
1018 1710 1252 1757 dominum
1275 1727 1377 1757 eum
1399 1726 1588 1766 vocans,
1610 1709 1761 1766 cuius,

246 1790 431 1850 inquit,
447 1786 621 1852 factae
649 1786 759 1833 estis
771 1786 1077 1850 filiae,ecum
1109 1786 1174 1833 ad
1203 1785 1534 1842 Christianas,
1562 1802 1666 1832 non
1695 1784 1762 1832 ad

249 1863 466 1909 Iudaeas
492 1861 708 1909 feminas
733 1862 1045 1926 loqueretur.

199 1946 224 1984 8
314 1938 452 1997 Quid
495 1946 671 1985 autem
712 1941 916 1994 mirum,
960 1941 999 1984 si
1042 1944 1193 2000 pater
1235 1953 1559 1984 communem
1602 1935 1760 1983 filium

247 2013 457 2061 nolebat
503 2013 651 2060 huius
699 2017 836 2060 vitae
884 2012 1244 2060 sustentaculis
1282 2029 1312 2059 a
1351 2019 1519 2059 matre
1561 2012 1761 2072 nudari,

247 2093 486 2153 ignorans
547 2090 670 2153 quid
733 2097 1022 2136 sectaturus
1083 2096 1237 2145 esset,
1295 2105 1412 2135 cum
1470 2091 1523 2134 in
1583 2094 1760 2135 aetate

247 2165 607 2229 grandiuscula
658 2182 768 2212 esse
819 2168 1090 2228 coepisset,
1141 2172 1314 2211 utrum
1362 2162 1598 2211 monachi
1646 2180 1762 2227 pro-

247 2240 521 2287 fessionem
574 2258 638 2287 an
691 2241 1089 2287 ecclesiasticum
1138 2243 1479 2287 ministerium
1529 2256 1595 2286 an
1643 2256 1761 2286 con-

247 2316 428 2380 iugalis
465 2318 854 2363 necessitudinis
886 2316 1184 2363 vinculum?
1253 2316 1496 2375 Quamvis
1528 2318 1665 2362 enim
1696 2314 1763 2362 ad

248 2393 459 2439 meliora
499 2393 757 2440 excitandi
796 2400 849 2439 et
887 2393 1152 2439 erudiendi
1189 2395 1291 2439 sint
1327 2391 1414 2438 filii
1450 2398 1762 2448 sanctorum,

487 2560 503 2577 ‘³
539 2553 644 2594 Isai.
669 2553 775 2594 lviii.
801 2556 839 2594 7.
1205 2553 1220 2577 ⁶
1258 2555 1273 2592 1
1303 2552 1396 2593 Pet.
1419 2566 1460 2593 v.
1484 2555 1524 2593 8.

457 2614 471 2632 ⁶
503 2608 618 2660 Eph.
641 2622 682 2649 V.
706 2611 775 2648 23.
1168 2607 1186 2631 α
1222 2611 1238 2647 1
1268 2607 1362 2648 Pet.
1386 2608 1445 2647 iii.
1469 2609 1557 2647 5—6.

258 2678 354 2719 510
