1866 2964
793 199 883 246 ST.
923 199 1331 246 AUGUSTINE

306 332 413 379 vult
461 331 692 395 intellegi
741 330 972 378 homines
1018 330 1189 377 fuisse.
1274 329 1501 394 Legerat
1549 332 1685 376 enim
1732 328 1818 376 ille
1864 374 1866 376 .

305 400 605 464 mythicaml
639 399 902 446 historiam
934 406 1139 445 vetusta
1173 402 1481 445 auctoritate
1507 399 1820 453 roboratam,

306 486 460 532 quam
487 472 645 514 etiam
670 467 862 514 Tullius
887 466 1104 530 legerat,
1131 470 1215 530 qui
1244 465 1339 512 hoc
1363 466 1502 513 idem
1526 469 1579 511 in
1604 464 1818 529 dialogis

306 536 436 600 plus,
456 553 609 599 quam
627 535 887 598 postulare
907 535 1230 590 auderemus,
1248 540 1615 580 commemorat
1635 540 1688 579 et
1705 549 1820 596 per-

307 606 493 651 ducere
524 607 575 649 in
607 603 870 649 hominum
901 606 1157 658 notitiam,
1189 609 1441 666 quantum
1469 601 1556 648 illa
1585 608 1821 664 tempora

309 673 658 736 patiebantur,
681 670 903 717 molitur.

259 750 284 786 4
374 740 525 798 Quod
551 746 726 785 autem
752 739 873 785 dicis
901 755 961 784 eo
987 741 1170 784 nostris
1196 744 1367 784 vestra
1390 753 1532 783 sacra
1555 737 1820 799 praeponi,

309 809 446 870 quod
468 825 554 854 vos
578 806 779 869 publice
803 806 965 853 colitis
989 806 1129 862 deos,
1151 823 1242 852 nos
1267 812 1442 851 autem
1464 805 1821 851 secretioribus

309 874 672 922 conventiculis
700 878 909 929 utimur,
936 877 1100 937 primo
1131 873 1257 920 illud
1285 874 1374 919 abs
1401 879 1456 919 te
1485 889 1693 936 quaero,
1721 889 1822 936 quo

311 944 461 990 modo
490 942 678 990 oblitus
707 946 771 989 sis
802 942 1044 988 Liberum
1072 940 1232 997 illum,
1260 957 1415 1004 quem
1440 957 1718 1003 paucorum
1745 956 1823 986 sa-

310 1019 566 1058 cratorum
599 1010 754 1057 oculis
786 1010 1214 1056 committendum
1246 1012 1458 1071 putatis.
1527 1008 1731 1055 Deinde
1764 1014 1822 1054 tu

311 1083 418 1141 ipse
439 1079 631 1125 iudicas
648 1077 772 1124 nihil
789 1077 925 1124 aliud
940 1085 994 1124 te
1013 1094 1166 1141 agere
1183 1076 1419 1133 voluisse,
1433 1093 1548 1123 cum
1566 1075 1823 1140 publicam

312 1164 568 1194 sacrorum
611 1154 896 1193 vestrorum
939 1145 1340 1192 celebrationem
1382 1160 1825 1200 commemorares,

314 1219 408 1261 nisi
453 1222 511 1261 ut
554 1215 699 1261 nobis
743 1214 1042 1260 decuriones
1087 1220 1141 1260 et
1182 1216 1428 1276 primates
1470 1215 1691 1259 civitatis
1733 1228 1826 1275 per

316 1283 514 1345 plateas
557 1289 759 1329 vestrae
801 1283 938 1328 urbis
979 1280 1290 1328 bacchantes
1333 1297 1390 1327 ac
1429 1279 1661 1327 furentes
1703 1287 1825 1326 ante

316 1350 485 1397 oculos
513 1353 656 1413 quasi
683 1349 889 1412 specula
913 1366 1236 1412 poneremus.
1306 1348 1367 1394 In
1393 1365 1495 1412 qua
1520 1347 1823 1395 celebritate

314 1422 354 1465 si
386 1422 594 1464 numine
623 1417 999 1473 inhabitamini,
1029 1424 1170 1463 certe
1199 1417 1382 1464 videtis
1408 1415 1558 1480 quale
1584 1415 1710 1462 illud
1742 1419 1827 1472 sit,

317 1487 453 1549 quod
471 1487 649 1533 adimit
666 1492 896 1531 mentem
921 1501 931 1540 3
967 1489 1006 1531 si
1024 1492 1199 1532 autem
1217 1485 1425 1549 fingitis,
1442 1500 1574 1548 quae
1591 1490 1711 1531 sunt
1725 1487 1825 1530 ista

314 1558 471 1600 etiam
503 1557 555 1599 in
587 1553 790 1616 publico
823 1560 993 1599 vestra
1027 1554 1267 1600 secreta?
1335 1552 1431 1598 Vel
1463 1569 1563 1615 quo
1595 1555 1826 1615 pertinet

313 1630 421 1668 tam
465 1629 615 1684 turpe
657 1622 1024 1668 mendacium?
1094 1621 1297 1667 Deinde
1341 1637 1429 1666 cur
1470 1619 1609 1666 nulla
1649 1618 1825 1666 futura

314 1693 513 1745 canitiS,
557 1693 596 1735 si
640 1696 784 1735 vates
830 1693 951 1735 estis
976 1690 993 1735 ἓ
1061 1690 1169 1735 Aut
1214 1706 1302 1735 cur
1344 1687 1571 1751 spoliatis
1614 1691 1824 1734 circum-

316 1765 533 1812 stantes,
558 1760 596 1803 si
621 1761 729 1802 sani
755 1760 876 1803 estis
901 1758 918 1803 ?

264 1837 288 1874 5
379 1825 507 1872 Cum
541 1828 700 1889 igitur
733 1824 860 1871 haec
895 1842 985 1871 nos
1022 1831 1075 1870 et
1111 1823 1226 1880 alia,
1261 1840 1393 1887 quae
1428 1841 1563 1870 nunc
1595 1829 1825 1886 praeter-

609 1902 625 1926 1
654 1913 756 1943 MSS.
780 1902 982 1949 multam,
1008 1901 1277 1942 Gohlbacher
1297 1903 1548 1953 mysticam.

381 1994 400 2012 ‘²
435 1988 505 2041 Qf.
527 1988 592 2027 De
612 1993 704 2027 nat.
727 1988 920 2035 deorum,
942 1988 969 2027 i.
991 1990 1061 2035 42,
1086 1990 1179 2028 119.

382 2044 397 2068 ‘²
427 2042 620 2094 Though
641 2040 879 2082 forbidden
902 2042 961 2093 by
976 2042 1051 2082 the
1071 2041 1235 2082 Senate
1256 2043 1301 2082 in
1325 2043 1404 2082 186
1427 2055 1508 2082 B.c.
1527 2041 1661 2093 (Livy
1680 2043 1824 2082 xxxix.

325 2098 461 2149 849),
492 2097 566 2137 the
600 2096 901 2136 Bacchanalia
935 2110 1047 2136 were
1086 2096 1196 2137 later
1233 2095 1425 2144 revived,
1461 2096 1551 2136 and
1589 2109 1663 2136 are
1701 2097 1825 2136 often

324 2151 534 2192 attacked
557 2151 616 2202 by
639 2151 861 2191 Christian
877 2152 1061 2192 writers.
1122 2150 1217 2191 The
1231 2150 1499 2191 celebration
1515 2164 1605 2191 was
1619 2149 1825 2191 confined

324 2211 370 2247 to
394 2206 468 2246 the
492 2207 674 2252 initiate,
697 2205 810 2252 who,
832 2206 1036 2258 feigning
1056 2204 1224 2256 frenzy,
1246 2203 1437 2246 claimed
1466 2205 1541 2246 the
1570 2204 1826 2257 indwelling

329 2274 537 2313 presence
558 2261 607 2299 of
624 2259 736 2299 their
755 2259 845 2311 god
867 2259 955 2299 ancl
978 2260 1198 2311 practised
1219 2273 1357 2311 many
1373 2258 1491 2300 cruel
1511 2257 1601 2299 and
1617 2260 1826 2311 orgiastic

325 2317 441 2355 rites.
503 2314 596 2354 The
626 2312 850 2366 language
881 2315 932 2354 of
957 2313 1182 2354 Arnobius
1213 2314 1351 2365 (Adv.
1373 2313 1481 2354 Nat.
1503 2327 1544 2354 v.
1571 2314 1639 2366 19)
1660 2312 1825 2365 closely

325 2368 560 2409 resembles
609 2368 914 2420 Augustine’s‚
959 2368 1048 2408 and
1092 2368 1204 2408 adds
1251 2367 1418 2408 several
1470 2368 1595 2408 other
1641 2366 1823 2408 details:

325 2425 349 2439 ‘⁶
368 2422 669 2463 Bacchanalia
689 2425 824 2462 etiarn
842 2425 1246 2474 praetermittemus
1263 2424 1462 2462 inmania
1478 2422 1642 2473 quibus
1659 2435 1823 2462 nomen

325 2477 622 2529 Omophagiis
642 2490 854 2529 graecum
871 2481 950 2523 est,
970 2479 1012 2516 in
1031 2477 1194 2528 quibus
1210 2477 1358 2517 furore
1375 2479 1561 2517 mentito
1581 2480 1626 2516 et
1644 2489 1823 2528 seques-

325 2536 441 2572 trata
462 2532 651 2583 pectoris
672 2533 861 2571 sanitate
886 2531 1230 2583 circumplicatis
1256 2544 1334 2571 vos
1361 2531 1586 2584 anguibus
1613 2534 1748 2582 atque
1775 2533 1825 2570 ut

323 2599 402 2626 vos
441 2586 595 2638 plenos
635 2584 705 2625 dei
745 2587 927 2626 numine
967 2598 1018 2626 ac
1061 2587 1292 2626 maiestate
1335 2584 1545 2633 doceatis,
1584 2597 1822 2637 caprorum
