1866 2964
786 176 876 223 ST.
916 175 1323 222 AUGUSTINE

295 315 529 371 poteram
550 311 649 354 ista
668 311 769 354 iarn
791 324 1058 371 quaerere,
1077 324 1192 354 cum
1214 306 1567 354 ecclesiasticis
1586 310 1807 372 negotiis

295 377 610 439 impedirer?
680 376 730 422 Si
774 393 895 439 ergo
936 375 1059 421 mihi
1107 376 1279 422 dicat:
1340 392 1469 422 serve
1508 393 1726 440 nequam,
1768 379 1808 421 si

300 444 416 490 villa
443 444 686 491 ecclesiae
713 444 1080 491 calumniosum
1108 443 1330 506 aliquem
1355 451 1642 506 pateretur,
1668 447 1810 490 cuius

292 511 543 559 fructibus
561 512 857 576 colligendis
876 529 1063 576 magna
1082 529 1239 574 opera
1255 512 1552 574 inpenditur
1569 511 1807 575 neglecto

295 598 434 645 agro,
459 597 613 644 quem
647 584 807 644 rigavi
843 583 1091 644 sanguine
1127 596 1262 636 meo,
1297 583 1337 625 si
1373 580 1497 643 quid
1527 596 1680 643 agere
1716 597 1809 642 pro

294 665 356 695 ea
390 666 564 711 posses
601 649 737 711 apud
760 649 980 695 iudicem
1006 656 1194 704 terrae,
1218 665 1387 694 nonne
1423 649 1657 694 omnibus
1693 665 1811 694 con-

294 719 655 772 sentientibus,
672 716 924 763 nonnullis
943 720 1101 763 etiam
1118 717 1413 762 iubentibus
1433 723 1487 762 et
1503 717 1806 779 cogentibus

296 802 538 849 pergeres
559 792 631 840 et,
650 789 690 830 si
709 792 887 832 contra
906 792 959 831 te
979 785 1308 839 iudicaretur,
1329 787 1487 830 etiam
1505 791 1647 830 trans
1666 800 1808 830 mare

297 853 723 916 proficiscereris?
792 854 968 916 Atque
1009 852 1105 899 hoc
1146 853 1298 899 inodo
1341 852 1421 898 vel
1463 869 1686 898 annuam
1727 851 1809 898 vel

300 921 515 984 amplius
559 923 845 967 absentiam
890 928 1035 968 tuam
1077 919 1216 966 nulla
1261 919 1488 983 querella
1529 926 1811 976 revocaret,

299 1007 363 1036 ne
402 989 527 1036 alius
563 990 849 1052 possideret
884 996 1076 1035 terram
1112 1006 1214 1035 non
1250 991 1451 1034 animae
1487 989 1579 1035 sed
1613 990 1810 1051 corpori

297 1075 581 1121 pauperum
612 1060 970 1112 necessariam,
994 1074 1209 1120 quorum
1239 1063 1416 1103 tamen
1444 1055 1636 1102 famem
1665 1059 1810 1102 vivae

300 1127 505 1173 arbores
541 1142 689 1172 meae
726 1125 889 1171 multo
916 1124 1111 1171 facilius
1138 1123 1365 1187 mihique
1393 1128 1606 1188 gratius,
1633 1127 1674 1170 si
1701 1123 1812 1171 dili-

297 1202 484 1257 genter
518 1193 826 1249 colerentur,
863 1193 1148 1255 explerent.
1218 1192 1320 1238 Cur
1356 1209 1477 1256 ergo
1515 1193 1581 1239 ad
1615 1193 1811 1239 discen-

299 1263 416 1309 dam
459 1261 822 1326 agriculturam
862 1278 1032 1307 meam
1072 1264 1393 1307 vacationem
1432 1263 1678 1323 temporis
1717 1261 1811 1307 tibi

299 1329 521 1377 defuisse
540 1334 760 1376 causaris
785 1331 801 1375 ?
872 1330 967 1375 Dic
983 1328 1124 1384 mihi,
1141 1329 1264 1392 quid
1279 1329 1618 1391 respondeam
1643 1343 1654 1384 ;
1686 1345 1811 1392 rogo

296 1406 349 1445 te
399 1415 464 1444 an
511 1397 644 1444 forte
693 1402 765 1443 vis
813 1398 979 1444 dicam
1004 1414 1014 1443 :
1075 1414 1234 1444 senex
1282 1396 1513 1443 Valerius
1557 1397 1680 1444 dum
1722 1412 1806 1443 me

300 1468 533 1513 omnibus
573 1467 725 1512 rebus
763 1469 1070 1512 instructum
1110 1482 1220 1512 esse
1260 1465 1578 1520 credidisset,
1617 1471 1812 1527 quanto

298 1534 514 1597 amplius
533 1551 615 1580 me
637 1534 836 1589 dilexit,
853 1541 1002 1580 tanto
1021 1537 1187 1579 minus
1207 1534 1401 1580 discere
1419 1536 1519 1579 ista
1537 1535 1770 1596 permisit
1793 1533 1811 1578 ?

249 1610 274 1648 6
363 1603 607 1649 Adtende
635 1605 805 1648 omnia
828 1605 945 1657 ista,
971 1618 1129 1648 senex
1156 1601 1326 1647 Valeri
1351 1617 1362 1657 3
1405 1602 1614 1648 obsecro
1639 1607 1694 1647 te
1719 1617 1813 1663 per

297 1671 586 1717 bonitatem
617 1678 670 1717 et
699 1674 1029 1716 severitatem
1060 1668 1265 1725 Christi,
1292 1686 1384 1732 per
1411 1669 1809 1716 misericordiam

299 1745 354 1785 et
379 1740 621 1785 iudicium
650 1741 775 1794 eius,
801 1755 894 1801 per
921 1755 1056 1793 eum,
1083 1745 1285 1784 tantam
1313 1741 1399 1801 qui
1425 1738 1520 1784 tibi
1546 1739 1812 1800 inspiravit

299 1823 421 1870 erga
455 1824 545 1853 nos
580 1809 869 1862 caritatem,
903 1813 961 1852 ut
995 1822 1059 1851 ne
1095 1813 1149 1852 te
1183 1822 1278 1852 nec
1311 1823 1402 1868 pro
1435 1805 1574 1852 lucro
1609 1808 1809 1851 animae

298 1882 505 1921 nostrae
548 1875 828 1921 audeamus
871 1873 1146 1920 offendere.
1216 1872 1296 1919 Sic
1340 1880 1516 1920 autem
1557 1872 1681 1919 mihi
1725 1873 1812 1920 do-

298 1946 494 1989 minum
522 1949 575 1989 et
601 1941 860 1989 Christum
887 1949 1078 1988 testem
1104 1940 1228 1988 facis
1253 1944 1578 1988 innocentiae
1607 1948 1661 1987 et
1687 1943 1812 1987 cari-

302 2014 424 2057 tatis
455 2018 508 2056 et
542 2014 722 2056 sinceri
752 2009 963 2056 affectus
998 2026 1151 2073 quem
1181 2012 1313 2056 circa
1340 2026 1430 2056 nos
1463 2008 1640 2064 habes,
1669 2010 1814 2072 quasi

305 2096 400 2141 ego
427 2096 528 2124 non
555 2079 618 2125 de
645 2077 722 2124 his
747 2082 913 2124 iurare
941 2078 1174 2124 omnibus
1200 2094 1422 2140 possum.
1493 2077 1663 2139 Ipsam
1691 2093 1813 2140 ergo

368 2182 385 2200 ‘²
423 2176 554 2216 Matt.
576 2178 693 2216 xviii.
716 2179 770 2217 352
791 2193 801 2223 ς
837 2175 967 2216 Luke
987 2178 1071 2216 xix.
1094 2179 1163 2216 522.

371 2232 386 2256 ὓ
418 2231 471 2271 111
503 2232 655 2271 Africa
684 2229 774 2271 and
809 2231 948 2283 Spain
981 2231 1056 2271 the
1088 2230 1183 2271 title
1215 2231 1350 2270 Senav
1382 2244 1469 2271 was
1499 2232 1628 2282 given
1664 2234 1710 2270 to
1739 2230 1814 2271 the

316 2286 650 2337 Metropolitan‚
671 2288 791 2326 since
817 2286 891 2325 the
913 2288 1057 2325 senior
1086 2285 1253 2337 Bishop
1275 2287 1318 2325 in
1339 2285 1464 2326 those
1484 2289 1572 2325 two
1591 2286 1814 2325 countries

313 2340 489 2391 usually
521 2338 621 2379 held
656 2340 753 2380 that
787 2339 978 2392 dignity.
1054 2340 1147 2380 The
1185 2340 1350 2392 Bishop
1385 2339 1435 2380 of
1470 2339 1694 2391 Carthage
1724 2353 1813 2380 was

317 2395 509 2435 I’rimate
530 2395 645 2434 froin
677 2394 743 2434 his
771 2396 1018 2446 possession
1043 2394 1092 2435 of
1118 2395 1214 2435 that
1243 2408 1329 2442 see,
1351 2395 1432 2435 but
1451 2394 1566 2434 from
1587 2397 1670 2434 305
1691 2394 1814 2434 there

316 2463 405 2489 was
426 2464 452 2488 a
474 2449 668 2489 Priinate
689 2450 739 2489 of
766 2447 983 2489 Numidia
1003 2462 1050 2489 as
1072 2449 1181 2497 well,
1204 2447 1292 2489 and
1318 2449 1428 2489 later
1447 2449 1497 2489 of
1522 2448 1813 2500 Tripolitana,

310 2504 384 2543 the
416 2504 738 2549 Mauretanias,
759 2502 849 2543 and
876 2504 1175 2555 Byzacenum.
1242 2503 1312 2555 Cf.
1340 2503 1432 2544 Leo
1462 2503 1619 2555 Magn.
1640 2502 1726 2555 Ep.
1755 2503 1813 2544 ἰν.

316 2558 401 2597 “in
425 2557 611 2610 singulis
632 2558 811 2598 Africae
839 2560 1077 2610 provinciis
1105 2560 1352 2611 antiquitus
1379 2556 1816 2612 primatesfinstitue·

317 2628 377 2671 38
