1850 2964
215 884 241 922 [ὗ

754 198 845 245 ST.
884 197 1293 245 AUGUSTINE

263 333 458 378 tatibus
480 335 586 378 eius
608 330 927 394 adloquerer,
941 330 1136 393 pudore
1157 330 1452 386 deterritus,
1471 346 1536 376 ne
1555 328 1780 377 facerem

267 401 572 462 deprecatus
595 407 688 446 est.
753 400 835 446 Ita
856 416 952 462 ego
972 401 1163 444 maiore
1184 401 1494 444 necessitate
1520 405 1779 445 coartatus

269 485 297 514 a
328 467 486 514 fratre
519 475 692 514 nostro
726 467 1033 514 Macedonio
1068 467 1247 513 decem
1279 473 1333 512 et
1363 473 1565 528 septem
1595 465 1780 514 solidos

268 540 458 599 accepi,
476 553 601 599 quos
618 540 668 581 in
687 553 891 582 causam
907 539 1013 581 eius
1031 538 1272 581 continuo
1289 534 1424 589 dedi,
1441 538 1780 596 promittente

265 604 350 650 illo
388 605 525 667 quod
555 605 620 651 ad
649 611 848 650 certum
882 604 1019 650 diem
1056 620 1171 649 cum
1202 605 1272 649 eis
1303 603 1577 649 reddendis
1606 610 1781 665 posset

267 689 548 728 occurrere,
575 679 628 718 et
647 674 1021 727 consentiente,
1040 678 1099 718 ut
1124 674 1163 717 si
1189 688 1291 717 non
1308 678 1482 733 posset
1501 687 1781 727 occurrere,

268 758 433 787 sermo
461 741 525 787 de
553 740 637 786 illo
665 740 813 786 fieret
842 740 907 786 ad
933 746 1156 786 vestram
1183 739 1598 795 misericordiam,
1626 756 1781 802 quam

266 808 548 855 fraternam
573 807 814 855 fratribus
842 807 1085 854 exhibere
1110 810 1406 854 consuestis.

332 877 480 924 Nunc
521 893 660 940 ergo,
702 879 943 939 quoniam
987 877 1169 922 absens
1220 882 1315 931 est,
1354 881 1519 921 restat
1566 881 1625 921 ut
1664 875 1781 922 sub-

265 949 482 992 veniatis
523 962 624 991 non
662 944 750 1000 illi,
791 961 946 1008 quem
985 961 1136 990 nemo
1176 942 1450 1006 compellat
1490 944 1779 999 absentem,

267 1014 359 1060 sed
416 1012 772 1076 pollicitationi
830 1029 997 1068 meae,
1057 1015 1197 1058 cuius
1259 1014 1571 1058 existimatio
1638 1012 1779 1058 vobis

266 1098 469 1143 semper
505 1088 584 1127 est
619 1097 877 1144 praesens.
967 1080 1077 1126 Iam
1115 1083 1251 1126 enim
1287 1080 1395 1126 dies
1433 1080 1498 1126 ad
1533 1096 1688 1142 quem
1724 1096 1779 1126 se

264 1153 569 1212 promiserat
597 1166 939 1204 occursurum,
967 1155 1256 1195 transactus
1285 1155 1382 1204 est,
1411 1155 1465 1194 et
1493 1164 1589 1211 ego
1618 1151 1665 1194 ei
1693 1150 1780 1211 qui

266 1217 451 1264 solidos
484 1235 599 1264 suos
633 1218 752 1264 fidei
783 1233 931 1263 meae
965 1219 1235 1271 commisit,
1268 1216 1391 1279 quid
1422 1215 1779 1278 respondeam,

265 1303 367 1332 non
402 1289 622 1341 invenio,
653 1289 747 1331 nisi
778 1293 836 1332 ut
873 1284 1057 1331 faciam
1095 1285 1232 1347 quod
1266 1300 1351 1330 me
1380 1283 1637 1330 facturum
1668 1300 1779 1330 esse

264 1358 486 1417 promisi.
557 1353 659 1400 Sed
703 1356 944 1417 quoniam
985 1370 1087 1399 non
1128 1369 1240 1398 sum
1284 1352 1349 1399 de
1397 1351 1492 1398 hac
1540 1368 1595 1398 re
1646 1369 1780 1398 com-

264 1426 506 1478 monitus,
549 1429 606 1468 ut
648 1422 730 1468 die
771 1428 1118 1484 pentecostes,
1146 1421 1351 1483 quando
1395 1420 1576 1467 aderat
1616 1423 1778 1466 maior

265 1498 435 1537 vestra
465 1489 775 1553 frequentia,
802 1506 1090 1536 sermonem
1126 1489 1246 1535 inde
1283 1487 1524 1544 facerem,
1560 1495 1684 1551 peto
1721 1495 1780 1535 ut

263 1557 354 1605 has
380 1558 578 1605 litteras
609 1575 700 1621 pro
731 1557 906 1622 lingua
935 1574 1053 1604 mea
1076 1564 1350 1620 praesente
1381 1555 1573 1603 habere
1604 1556 1782 1621 digne-

264 1630 387 1672 mini
408 1627 719 1674 admonente
741 1644 826 1672 vos
855 1633 908 1673 et
935 1624 1242 1672 exhortante
1268 1628 1320 1670 in
1346 1625 1579 1672 cordibus
1599 1627 1780 1671 vestris

265 1695 362 1741 deo
389 1702 443 1741 et
473 1695 678 1742 domino
709 1702 900 1750 nostro,
931 1697 1011 1740 cui
1047 1694 1350 1749 credidistis,
1381 1696 1468 1756 qui
1498 1709 1779 1756 numquam

265 1763 482 1810 discedit
520 1780 549 1809 a
585 1764 729 1809 nobis
755 1763 1058 1809 timentibus
1097 1769 1150 1808 et
1186 1760 1553 1808 honorantibus
1590 1777 1780 1807 nomen

266 1848 430 1887 suum,
463 1834 515 1876 in
548 1848 648 1894 quo
681 1832 820 1877 vobis
855 1838 909 1877 et
940 1847 1030 1877 nos
1063 1846 1266 1892 semper
1297 1832 1554 1876 coniuncti
1586 1845 1777 1885 sumus,

267 1902 494 1962 quamvis
524 1915 733 1962 corpore
763 1915 792 1944 a
820 1899 960 1945 vobis
993 1896 1212 1961 profecti
1242 1914 1352 1944 esse
1381 1897 1663 1953 videamur,
1691 1901 1779 1960 qui

267 1968 404 2013 vobis
433 1967 498 2014 de
526 1970 624 2013 isto
652 1968 901 2014 bonorum
929 1983 1141 2029 operum
1169 1969 1363 2012 semine
1391 1981 1612 2011 messem
1640 1968 1777 2012 vitae

265 2042 509 2081 aeternae
541 2038 816 2098 promittit,
850 2035 1054 2082 dicente
1099 2033 1364 2096 apostolo:
1412 2033 1597 2080 Bonum
1629 2040 1780 2080 autem

249 2102 492 2167 facientes
536 2120 626 2150 non
671 2102 972 2167 deficiamu8;
1032 2109 1230 2166 tempore
1273 2101 1393 2148 enim
1437 2117 1521 2148 suo
1565 2107 1782 2148 metemus

264 2169 605 2235 infatigabiles.
674 2170 859 2236 Itaque,
898 2169 1007 2217 dum
1047 2176 1223 2234 tempus
1265 2168 1502 2225 habemus,
1541 2185 1781 2233 operemur

264 2237 429 2285 bonum
473 2238 535 2285 ad
577 2256 750 2295 omnes,
794 2238 992 2285 maxime
1035 2244 1186 2284 autem
1228 2237 1291 2284 ad
1337 2236 1609 2284 domesticos
1634 2236 1776 2301 fidei.

324 2327 342 2345 ‘¹
378 2322 484 2362 This
514 2324 548 2362 is
577 2322 800 2374 probably
829 2336 855 2362 a
883 2324 1041 2363 citizen
1071 2322 1121 2363 of
1146 2322 1300 2375 Hippo
1328 2321 1419 2362 and
1447 2335 1474 2361 a
1503 2321 1702 2362 member
1730 2320 1780 2362 of

265 2377 558 2429 Augustine's
601 2377 784 2425 church‚
830 2377 921 2417 and
964 2381 1042 2417 not
1084 2377 1160 2418 the
1206 2376 1500 2417 Macedonius
1543 2376 1644 2416 who
1686 2388 1777 2416 was

264 2433 387 2471 vicar
422 2432 472 2471 of
503 2431 660 2471 Africa
696 2433 741 2471 in
776 2435 875 2479 414,
913 2431 1041 2472 when
1079 2432 1133 2471 he
1169 2444 1260 2472 was
1295 2429 1523 2471 entrus†ed
1559 2430 1666 2470 with
1700 2430 1776 2470 the

266 2485 380 2538 duty
407 2485 456 2526 of
477 2485 709 2538 enforcing
734 2486 809 2526 the
836 2485 1039 2538 imperial
1065 2485 1241 2526 decrees
1266 2487 1445 2538 against
1469 2485 1544 2525 the
1569 2487 1776 2525 recusant

264 2539 508 2580 Donatists.
559 2539 739 2581 Several
774 2539 824 2580 of
854 2540 929 2580 the
964 2539 1111 2580 letters
1147 2539 1406 2592 exchanged
1442 2539 1641 2580 between
1677 2539 1771 2580 him

265 2594 355 2633 and
382 2595 634 2647 Augustine
659 2608 734 2636 are
759 2598 912 2636 extant
936 2594 1073 2648 (Epp.
1099 2593 1344 2646 cliii.-clv.).

271 2653 364 2697 522
