1850 2964
761 179 853 227 ST.
891 178 1299 226 AUGUSTINE

273 313 479 360 brorum
501 311 904 375 corruptibilium
925 313 1083 357 virtus
1106 316 1160 356 et
1180 311 1390 356 victoria
1410 308 1475 356 de
1494 307 1784 355 hominibus

273 384 487 427 inimicis
513 388 565 427 et
589 379 749 426 honor
773 386 931 442 atque
954 382 1189 441 potentia
1212 375 1508 440 temporalis
1533 383 1587 423 et
1610 383 1785 423 cetera

274 452 372 495 ista
404 450 538 495 bona
570 456 775 495 terrena
809 455 863 494 et
894 448 1038 494 bonis
1071 447 1259 493 dentur
1291 453 1345 492 et
1375 444 1520 491 malis
1553 451 1608 491 et
1637 445 1783 491 bonis

276 515 574 562 auferantur
617 523 670 562 et
710 515 897 562 malis?
966 514 1109 561 Salus
1151 530 1270 560 vero
1312 517 1512 559 animae
1553 529 1670 559 cum
1709 516 1784 558 in-

273 584 590 630 mortalitate
617 586 837 647 corporis
862 586 1125 645 virtusque
1150 584 1378 628 iustitiae
1405 588 1460 628 et
1482 583 1696 643 victoria·
1718 581 1783 628 de

274 653 641 714 cupiditatibus
677 654 891 697 inimicis
930 658 984 697 et
1020 650 1180 714 gloria
1217 656 1272 697 et
1306 648 1467 696 honor
1503 655 1557 695 et
1593 665 1695 712 pax
1730 651 1784 694 in

276 728 545 766 aeternum
581 737 684 766 non
721 720 908 767 dantur
944 722 1039 764 nisi
1075 720 1236 765 bonis.
1306 717 1415 764 Ista
1452 733 1573 781 ergo
1610 715 1784 780 dilige,

273 791 372 834 ista
394 791 711 850 concupisce,
731 791 830 834 ista
851 787 1014 833 modis
1037 787 1270 833 omnibus
1292 801 1498 848 quaere.
1568 783 1784 847 Propter

275 856 400 902 haec
427 856 744 919 adquirenda
771 862 823 902 et
850 855 1131 902 obtinenda
1155 853 1236 900 fac
1263 853 1600 916 elemosynas,
1623 851 1783 899 funde

275 927 548 979 orationes,
581 940 762 970 exerce
793 926 1000 978 ieiunia,
1032 929 1283 986 quantum
1314 925 1422 968 sine
1451 920 1676 967 laesione
1706 923 1784 967 tui

274 996 493 1055 corporis
522 999 687 1054 potes.
756 991 898 1038 Bona
926 1007 1045 1037 vero
1073 990 1159 1036 illa
1187 997 1395 1037 terrena
1422 988 1525 1036 noli
1553 988 1784 1053 diligere,

275 1068 467 1123 quanta
500 1059 628 1106 libet
661 1060 756 1106 tibi
790 1060 1070 1106 abundent.
1141 1057 1221 1104 Sic
1255 1060 1325 1104 eis
1358 1064 1526 1112 utere,
1558 1063 1617 1103 ut
1648 1058 1784 1103 bona

273 1128 435 1174 multa
474 1144 537 1174 ex
573 1127 685 1183 illis,
719 1127 915 1174 nullum
953 1134 1127 1174 autem
1159 1125 1352 1172 malum
1388 1124 1544 1172 facias
1572 1132 1784 1188 propter

271 1196 372 1243 illa.
443 1195 629 1242 Omnia
664 1198 854 1258 quippe
887 1195 1011 1242 talia
1043 1196 1304 1258 peribunt,
1337 1194 1429 1241 sed
1460 1194 1597 1240 bona
1628 1209 1785 1256 opera

273 1282 375 1310 non
397 1271 636 1326 pereunt,
661 1267 819 1310 etiam
844 1279 976 1327 quae
1002 1264 1065 1310 de
1090 1264 1235 1315 bonis
1258 1262 1593 1325 pereuntibus
1618 1261 1763 1308 fiunt.

338 1332 389 1378 Si
416 1336 551 1377 enim
582 1335 852 1395 coniugem
878 1348 980 1378 non
1004 1331 1240 1386 haberes,
1266 1331 1489 1377 dicerem
1514 1330 1610 1376 tibi
1646 1329 1784 1392 quod

274 1407 327 1446 et
375 1400 602 1446 Tubunis
651 1400 890 1455 diximus,
938 1406 997 1445 ut
1043 1402 1096 1445 in
1144 1401 1385 1445 castitate
1434 1400 1782 1444 continentiae

271 1471 503 1523 viveres;
557 1468 800 1515 adderem
849 1468 987 1531 quod
1024 1475 1148 1514 tunc
1182 1467 1291 1513 fieri
1323 1465 1691 1529 prohibuimus,
1723 1472 1784 1512 ut

270 1539 372 1582 iam
423 1543 496 1592 te,
549 1543 800 1599 quantum
850 1552 1020 1582 rerum
1078 1534 1418 1581 humanarum
1468 1533 1607 1580 salva
1654 1550 1782 1598 pace

271 1607 542 1667 potuisses,
586 1605 649 1650 ab
691 1607 801 1650 istis
843 1603 1035 1650 bellicis
1076 1605 1229 1650 rebus
1273 1600 1596 1649 abstraheres
1639 1609 1693 1649 et
1736 1605 1783 1649 ei

271 1676 408 1718 vitae
434 1689 639 1718 vacares
663 1675 715 1718 in
741 1675 988 1718 societate
1015 1678 1324 1726 sanctorum,
1349 1673 1429 1717 cui
1453 1677 1577 1716 tunc
1601 1686 1782 1717 vacare

271 1741 529 1803 cupiebas,
555 1741 643 1787 ubi
666 1743 719 1786 in
745 1740 946 1787 silentio
970 1747 1206 1804 pugnant
1230 1738 1418 1785 milites
1447 1737 1652 1794 Christi,
1679 1755 1782 1786 non

333 1851 353 1870 ⁰
389 1846 522 1886 Miles
556 1845 737 1893 Christi,
766 1845 857 1887 like
884 1860 1034 1886 servus
1068 1845 1249 1892 Christi,
1278 1844 1383 1885 does
1411 1848 1490 1884 not
1515 1843 1781 1897 exclusively

277 1915 407 1941 mean
441 1901 466 1917 “
489 1900 698 1948 monks,''
731 1901 812 1941 but
843 1902 977 1941 refers
1009 1899 1237 1953 generally
1267 1903 1313 1940 to
1347 1899 1569 1940 Christian
1601 1901 1778 1947 service,

274 1955 469 1996 whether
490 1969 547 1995 on
568 1956 642 1996 the
663 1960 763 2007 part
789 1956 840 1995 of
863 1956 937 1996 the
966 1955 1076 2007 laity
1097 1955 1272 2006 (Ambr.
1291 1954 1376 2006 Ep.
1405 1956 1475 1995 27.
1509 1957 1559 1994 15
1588 1953 1780 1995 “omnes

276 2012 352 2062 qui
383 2015 485 2050 sunt
511 2013 555 2050 in
576 2010 772 2057 ecclesia,
795 2010 890 2050 Deo
913 2009 1104 2050 militant
1119 2010 1145 2025 ”
1164 2026 1175 2056 ;
1206 2009 1297 2050 Leo
1321 2008 1478 2061 Magn.
1503 2008 1640 2049 Serm.
1663 2011 1731 2050 89.
1752 2011 1779 2049 2

276 2065 356 2105 has
385 2065 459 2105 the
489 2065 649 2117 phrase
679 2065 991 2105 ecclesiasticus
1020 2065 1145 2105 miles
1175 2065 1226 2104 of
1250 2077 1276 2104 a
1304 2062 1522 2115 layman),
1552 2076 1602 2103 or
1629 2063 1681 2103 of
1704 2063 1779 2104 the

276 2119 452 2171 regular
495 2119 645 2172 clei-gy
680 2120 819 2172 (Aug.
860 2119 901 2160 E
898 2134 945 2171 p.
994 2119 1050 2160 Lx.
1092 2123 1108 2159 1
1159 2119 1183 2134 “
1204 2118 1263 2158 ad
1301 2118 1506 2158 militiam
1548 2117 1780 2159 clericatus

276 2174 545 2226 eligantur‚''
569 2174 654 2226 Ep.
677 2176 762 2214 xxi.
793 2179 809 2214 1
840 2174 865 2190 “
887 2188 976 2226 quo
1001 2173 1134 2214 modo
1158 2173 1370 2213 militetur
1389 2172 1450 2224 ”)‚
1475 2185 1525 2212 or
1547 2172 1599 2212 of
1616 2171 1779 2213 monks

275 2229 414 2280 (Aug.
446 2229 530 2280 Ep.
566 2229 636 2269 cli.
669 2232 692 2269 8
735 2230 759 2244 ‘⁶
781 2243 836 2269 ne
874 2230 1114 2280 susciperet
1152 2227 1382 2280 cingulum
1423 2226 1604 2267 militiae
1633 2226 1781 2268 Chris-

275 2285 423 2323 tianae
449 2283 677 2323 vinculum
704 2283 1020 2335 praepediebat
1047 2285 1251 2323 uxorium
1273 2282 1333 2334 '').
1395 2281 1502 2322 This
1527 2294 1606 2322 use
1632 2294 1722 2322 was
1748 2295 1776 2322 a

276 2337 450 2377 natural
471 2340 698 2378 extension
719 2339 769 2377 of
783 2338 857 2378 the
878 2337 975 2378 idea
997 2339 1048 2378 of
1063 2339 1226 2378 service
1245 2335 1466 2377 connoted
1486 2336 1548 2388 by
1567 2336 1778 2384 militare,

276 2392 365 2432 and
397 2394 429 2431 it
456 2406 545 2432 was
566 2392 846 2444 encouraged
867 2392 929 2444 by
949 2392 1023 2432 the
1046 2391 1229 2432 Pauline
1248 2391 1409 2443 phrase
1429 2392 1474 2431 in
1498 2394 1516 2431 1
1540 2390 1654 2431 Tim.
1675 2392 1702 2431 i.
1729 2393 1779 2432 18

278 2447 302 2462 ‘⁶
324 2446 482 2486 milites
508 2449 552 2486 in
576 2446 659 2487 illis
683 2447 849 2487 bonam
875 2446 1126 2494 inilitiam,’'
1151 2445 1241 2486 and
1264 2448 1290 2486 ΞΖ
1321 2445 1435 2486 Tim.
1465 2447 1520 2486 iv.
1546 2447 1572 2485 2
1601 2445 1627 2461 “
1648 2458 1780 2486 nemo

276 2501 472 2541 militans
517 2502 611 2541 Deo
645 2533 653 2541 .
690 2533 698 2542 .
734 2501 776 2542 .'’
854 2501 906 2541 In
950 2500 1153 2554 especial‚
1196 2501 1392 2541 militare
1433 2512 1524 2540 was
1566 2498 1675 2540 used
1717 2499 1780 2552 by

276 2555 498 2596 Christian
530 2558 695 2597 writers
727 2557 777 2597 of
802 2555 877 2597 the
908 2557 1125 2597 centuries
1156 2556 1207 2597 of
1232 2556 1511 2608 persecution
1540 2557 1587 2596 to
1617 2553 1780 2596 denote

271 2627 367 2668 434
