<?xml version="1.0" encoding="UTF-8"?>
<!DOCTYPE html PUBLIC "-//W3C//DTD XHTML 1.0 Transitional//EN"
    "http://www.w3.org/TR/xhtml1/DTD/xhtml1-transitional.dtd">
<html xmlns="http://www.w3.org/1999/xhtml" xml:lang="en" lang="en">
 <head>
  <title>
</title>
<meta http-equiv="Content-Type" content="text/html;charset=utf-8" />
  <meta name='ocr-system' content='tesseract 3.04.00' />
  <meta name='ocr-capabilities' content='ocr_page ocr_carea ocr_par ocr_line ocrx_word'/>
</head>
<body>
  <div class='ocr_page' id='page_1' title='image "./selectletters00auguuoft_0520.png"; bbox 0 0 1850 2964; ppageno 0'>
   <div class='ocr_carea' id='block_1_1' title="bbox 729 154 1267 203">
    <p class='ocr_par' dir='ltr' id='par_1_1' title="bbox 729 154 1267 203">
     <span class='ocr_line' id='line_1_1' title="bbox 729 154 1267 203; baseline 0.002 -2"><span class='ocrx_word' id='word_1_1' title='bbox 729 154 819 201; x_wconf 91' lang='lat' dir='ltr'><strong>ST.</strong></span> <span class='ocrx_word' id='word_1_2' title='bbox 859 155 1267 203; x_wconf 65' lang='lat' dir='ltr'><strong>AL‘GL‘STINE</strong></span> 
     </span>
    </p>
   </div>
   <div class='ocr_carea' id='block_1_2' title="bbox 191 285 1752 2056">
    <p class='ocr_par' dir='ltr' id='par_1_2' title="bbox 239 285 1752 758">
     <span class='ocr_line' id='line_1_2' title="bbox 241 285 1752 354; baseline 0.005 -23"><span class='ocrx_word' id='word_1_3' title='bbox 241 287 368 332; x_wconf 91' lang='lat' dir='ltr'><strong>meis</strong></span> <span class='ocrx_word' id='word_1_4' title='bbox 402 285 635 333; x_wconf 91' lang='lat' dir='ltr'><strong>adiutum</strong></span> <span class='ocrx_word' id='word_1_5' title='bbox 668 303 778 334; x_wconf 89' lang='lat' dir='ltr'><strong>esse</strong></span> <span class='ocrx_word' id='word_1_6' title='bbox 812 287 1082 351; x_wconf 85' lang='lat' dir='ltr'><strong>significas,</strong></span> <span class='ocrx_word' id='word_1_7' title='bbox 1109 305 1358 351; x_wconf 80' lang='lat' dir='ltr'><strong>parumne</strong></span> <span class='ocrx_word' id='word_1_8' title='bbox 1392 293 1563 354; x_wconf 86' lang='lat' dir='ltr'><strong>cogito</strong></span> <span class='ocrx_word' id='word_1_9' title='bbox 1591 307 1752 354; x_wconf 92' lang='lat' dir='ltr'><strong>quan-</strong></span> 
     </span>
     <span class='ocr_line' id='line_1_3' title="bbox 242 354 1751 422; baseline 0.005 -23"><span class='ocrx_word' id='word_1_10' title='bbox 242 360 353 400; x_wconf 92' lang='lat' dir='ltr'><strong>tum</strong></span> <span class='ocrx_word' id='word_1_11' title='bbox 381 355 502 400; x_wconf 89' lang='lat' dir='ltr'><strong>boni</strong></span> <span class='ocrx_word' id='word_1_12' title='bbox 531 354 638 401; x_wconf 91' lang='lat' dir='ltr'><strong>aliis</strong></span> <span class='ocrx_word' id='word_1_13' title='bbox 669 362 722 402; x_wconf 91' lang='lat' dir='ltr'><strong>et</strong></span> <span class='ocrx_word' id='word_1_14' title='bbox 751 372 906 418; x_wconf 87' lang='lat' dir='ltr'><strong>quam</strong></span> <span class='ocrx_word' id='word_1_15' title='bbox 934 356 1126 412; x_wconf 92' lang='lat' dir='ltr'><strong>multis,</strong></span> <span class='ocrx_word' id='word_1_16' title='bbox 1156 373 1310 420; x_wconf 90' lang='lat' dir='ltr'><strong>quam</strong></span> <span class='ocrx_word' id='word_1_17' title='bbox 1339 356 1483 404; x_wconf 84' lang='lat' dir='ltr'><strong>claris</strong></span> <span class='ocrx_word' id='word_1_18' title='bbox 1513 365 1567 405; x_wconf 94' lang='lat' dir='ltr'><strong>et</strong></span> <span class='ocrx_word' id='word_1_19' title='bbox 1595 376 1751 422; x_wconf 91' lang='lat' dir='ltr'><strong>quam</strong></span> 
     </span>
     <span class='ocr_line' id='line_1_4' title="bbox 241 420 1749 490; baseline 0.005 -23"><span class='ocrx_word' id='word_1_20' title='bbox 241 420 388 468; x_wconf 87' lang='lat' dir='ltr'><strong>facile</strong></span> <span class='ocrx_word' id='word_1_21' title='bbox 437 439 694 486; x_wconf 88' lang='lat' dir='ltr'><strong>quamque</strong></span> <span class='ocrx_word' id='word_1_22' title='bbox 738 422 1009 470; x_wconf 81' lang='lat' dir='ltr'><strong>salubriter</strong></span> <span class='ocrx_word' id='word_1_23' title='bbox 1049 441 1142 487; x_wconf 76' lang='lat' dir='ltr'><strong>pei</strong></span> <span class='ocrx_word' id='word_1_24' title='bbox 1189 424 1298 471; x_wconf 91' lang='lat' dir='ltr'><strong>illos</strong></span> <span class='ocrx_word' id='word_1_25' title='bbox 1339 429 1524 473; x_wconf 88' lang='lat' dir='ltr'><strong>ceteris</strong></span> <span class='ocrx_word' id='word_1_26' title='bbox 1565 428 1749 490; x_wconf 89' lang='lat' dir='ltr'><strong>quibus</strong></span> 
     </span>
     <span class='ocr_line' id='line_1_5' title="bbox 241 489 1751 555; baseline 0.004 -20"><span class='ocrx_word' id='word_1_27' title='bbox 241 489 364 536; x_wconf 88' lang='lat' dir='ltr'><strong>talia</strong></span> <span class='ocrx_word' id='word_1_28' title='bbox 399 495 727 546; x_wconf 78' lang='lat' dir='ltr'><strong>conveniunt,</strong></span> <span class='ocrx_word' id='word_1_29' title='bbox 750 495 946 554; x_wconf 76' lang='lat' dir='ltr'>possint</span> <span class='ocrx_word' id='word_1_30' title='bbox 972 496 1160 555; x_wconf 89' lang='lat' dir='ltr'><strong>scripta</strong></span> <span class='ocrx_word' id='word_1_31' title='bbox 1195 500 1370 539; x_wconf 86' lang='lat' dir='ltr'><strong>nostra</strong></span> <span class='ocrx_word' id='word_1_32' title='bbox 1404 501 1458 541; x_wconf 88' lang='lat' dir='ltr'><strong>te</strong></span> <span class='ocrx_word' id='word_1_33' title='bbox 1495 511 1751 551; x_wconf 86' lang='lat' dir='ltr'><strong>commen-</strong></span> 
     </span>
     <span class='ocr_line' id='line_1_6' title="bbox 241 558 1750 626; baseline 0.004 -22"><span class='ocrx_word' id='word_1_34' title='bbox 241 558 398 605; x_wconf 90' lang='lat' dir='ltr'><strong>dante</strong></span> <span class='ocrx_word' id='word_1_35' title='bbox 430 575 487 605; x_wconf 89' lang='lat' dir='ltr'><strong>ac</strong></span> <span class='ocrx_word' id='word_1_36' title='bbox 523 560 889 607; x_wconf 81' lang='lat' dir='ltr'><strong>disseminante</strong></span> <span class='ocrx_word' id='word_1_37' title='bbox 926 559 1198 607; x_wconf 86' lang='lat' dir='ltr'><strong>conferre?</strong></span> <span class='ocrx_word' id='word_1_38' title='bbox 1267 563 1375 609; x_wconf 93' lang='lat' dir='ltr'><strong>Aut</strong></span> <span class='ocrx_word' id='word_1_39' title='bbox 1400 561 1495 609; x_wconf 89' lang='lat' dir='ltr'><strong>hoc</strong></span> <span class='ocrx_word' id='word_1_40' title='bbox 1520 566 1750 626; x_wconf 87' lang='lat' dir='ltr'><strong>cogitans</strong></span> 
     </span>
     <span class='ocr_line' id='line_1_7' title="bbox 243 628 1750 694; baseline 0.003 -21"><span class='ocrx_word' id='word_1_41' title='bbox 243 643 518 689; x_wconf 80' lang='lat' dir='ltr'>possumne</span> <span class='ocrx_word' id='word_1_42' title='bbox 580 645 852 690; x_wconf 74' lang='lat' dir='ltr'><strong>parvorum</strong></span> <span class='ocrx_word' id='word_1_43' title='bbox 912 628 992 675; x_wconf 83' lang='lat' dir='ltr'><strong>vel</strong></span> <span class='ocrx_word' id='word_1_44' title='bbox 1055 629 1388 676; x_wconf 81' lang='lat' dir='ltr'><strong>mediocrium</strong></span> <span class='ocrx_word' id='word_1_45' title='bbox 1446 631 1750 694; x_wconf 85' lang='lat' dir='ltr'><strong>gaudiorum</strong></span> 
     </span>
     <span class='ocr_line' id='line_1_8' title="bbox 239 695 858 758; baseline 0.005 -18"><span class='ocrx_word' id='word_1_46' title='bbox 239 695 559 742; x_wconf 89' lang='lat' dir='ltr'><strong>iucunditate</strong></span> <span class='ocrx_word' id='word_1_47' title='bbox 583 695 822 758; x_wconf 89' lang='lat' dir='ltr'><strong>perfundi</strong></span> <span class='ocrx_word' id='word_1_48' title='bbox 841 697 858 742; x_wconf 84' lang='lat'>?</span> 
     </span>
    </p>

    <p class='ocr_par' dir='ltr' id='par_1_3' title="bbox 191 763 1752 2056">
     <span class='ocr_line' id='line_1_9' title="bbox 191 763 1750 829; baseline 0.003 -20"><span class='ocrx_word' id='word_1_49' title='bbox 191 769 216 808; x_wconf 88' lang='lat'>6</span> <span class='ocrx_word' id='word_1_50' title='bbox 305 763 438 821; x_wconf 81' lang='lat' dir='ltr'><strong>Quia</strong></span> <span class='ocrx_word' id='word_1_51' title='bbox 474 766 630 827; x_wconf 84' lang='lat' dir='ltr'><strong>igitur</strong></span> <span class='ocrx_word' id='word_1_52' title='bbox 668 782 770 811; x_wconf 93' lang='lat' dir='ltr'><strong>non</strong></span> <span class='ocrx_word' id='word_1_53' title='bbox 807 767 953 827; x_wconf 87' lang='lat' dir='ltr'><strong>potui</strong></span> <span class='ocrx_word' id='word_1_54' title='bbox 993 766 1159 811; x_wconf 75' lang='lat' dir='ltr'><strong>verbis</strong></span> <span class='ocrx_word' id='word_1_55' title='bbox 1206 765 1460 828; x_wconf 80' lang='lat' dir='ltr'><strong>explicare</strong></span> <span class='ocrx_word' id='word_1_56' title='bbox 1503 773 1750 829; x_wconf 89' lang='lat' dir='ltr'><strong>quantam</strong></span> 
     </span>
     <span class='ocr_line' id='line_1_10' title="bbox 240 830 1751 896; baseline 0.003 -19"><span class='ocrx_word' id='word_1_57' title='bbox 240 830 639 879; x_wconf 75' lang='lat' dir='ltr'><strong>delectationem</strong></span> <span class='ocrx_word' id='word_1_58' title='bbox 670 833 734 880; x_wconf 92' lang='lat' dir='ltr'><strong>de</strong></span> <span class='ocrx_word' id='word_1_59' title='bbox 764 836 865 879; x_wconf 88' lang='lat' dir='ltr'><strong>tuis</strong></span> <span class='ocrx_word' id='word_1_60' title='bbox 895 832 1082 879; x_wconf 89' lang='lat' dir='ltr'><strong>litteris</strong></span> <span class='ocrx_word' id='word_1_61' title='bbox 1112 837 1353 896; x_wconf 85' lang='lat' dir='ltr'><strong>ceperim,</strong></span> <span class='ocrx_word' id='word_1_62' title='bbox 1382 834 1519 881; x_wconf 93' lang='lat' dir='ltr'><strong>unde</strong></span> <span class='ocrx_word' id='word_1_63' title='bbox 1548 851 1633 881; x_wconf 90' lang='lat' dir='ltr'><strong>me</strong></span> <span class='ocrx_word' id='word_1_64' title='bbox 1663 835 1751 882; x_wconf 91' lang='lat' dir='ltr'><strong>de-</strong></span> 
     </span>
     <span class='ocr_line' id='line_1_11' title="bbox 237 898 1751 964; baseline 0.003 -19"><span class='ocrx_word' id='word_1_65' title='bbox 237 898 560 956; x_wconf 86' lang='lat' dir='ltr'><strong>lectaverint,</strong></span> <span class='ocrx_word' id='word_1_66' title='bbox 589 901 709 948; x_wconf 81' lang='lat' dir='ltr'><strong>dixi.</strong></span> <span class='ocrx_word' id='word_1_67' title='bbox 780 901 890 947; x_wconf 88' lang='lat' dir='ltr'><strong>Iam</strong></span> <span class='ocrx_word' id='word_1_68' title='bbox 921 902 1058 964; x_wconf 92' lang='lat' dir='ltr'><strong>quod</strong></span> <span class='ocrx_word' id='word_1_69' title='bbox 1086 905 1293 964; x_wconf 72' lang='lat' dir='ltr'><strong>nequivi</strong></span> <span class='ocrx_word' id='word_1_70' title='bbox 1324 905 1446 949; x_wconf 88' lang='lat' dir='ltr'><strong>satis</strong></span> <span class='ocrx_word' id='word_1_71' title='bbox 1479 903 1667 958; x_wconf 86' lang='lat' dir='ltr'><strong>dicere,</strong></span> <span class='ocrx_word' id='word_1_72' title='bbox 1696 903 1751 950; x_wconf 92' lang='lat' dir='ltr'><strong>id</strong></span> 
     </span>
     <span class='ocr_line' id='line_1_12' title="bbox 242 968 1746 1034; baseline 0.003 -21"><span class='ocrx_word' id='word_1_73' title='bbox 242 975 320 1014; x_wconf 89' lang='lat' dir='ltr'><strong>est</strong></span> <span class='ocrx_word' id='word_1_74' title='bbox 339 976 590 1031; x_wconf 89' lang='lat' dir='ltr'><strong>quantum</strong></span> <span class='ocrx_word' id='word_1_75' title='bbox 610 968 998 1025; x_wconf 77' lang='lat' dir='ltr'><strong>delectaverint,</strong></span> <span class='ocrx_word' id='word_1_76' title='bbox 1016 971 1111 1016; x_wconf 86' lang='lat' dir='ltr'><strong>tibi</strong></span> <span class='ocrx_word' id='word_1_77' title='bbox 1129 971 1481 1017; x_wconf 89' lang='lat' dir='ltr'><strong>coniciendum</strong></span> <span class='ocrx_word' id='word_1_78' title='bbox 1499 970 1746 1034; x_wconf 88' lang='lat' dir='ltr'><strong>relinquo.</strong></span> 
     </span>
     <span class='ocr_line' id='line_1_13' title="bbox 239 1034 1750 1102; baseline 0.002 -20"><span class='ocrx_word' id='word_1_79' title='bbox 239 1034 393 1082; x_wconf 88' lang='lat' dir='ltr'><strong>Sume</strong></span> <span class='ocrx_word' id='word_1_80' title='bbox 417 1040 614 1100; x_wconf 89' lang='lat' dir='ltr'><strong>itaque,</strong></span> <span class='ocrx_word' id='word_1_81' title='bbox 639 1041 709 1083; x_wconf 93' lang='lat' dir='ltr'><strong>mi</strong></span> <span class='ocrx_word' id='word_1_82' title='bbox 735 1037 821 1093; x_wconf 92' lang='lat' dir='ltr'><strong>fili,</strong></span> <span class='ocrx_word' id='word_1_83' title='bbox 847 1054 1009 1093; x_wconf 91' lang='lat' dir='ltr'><strong>sume,</strong></span> <span class='ocrx_word' id='word_1_84' title='bbox 1035 1041 1108 1084; x_wconf 84' lang='lat' dir='ltr'><strong>vir</strong></span> <span class='ocrx_word' id='word_1_85' title='bbox 1132 1039 1265 1084; x_wconf 92' lang='lat' dir='ltr'><strong>bone</strong></span> <span class='ocrx_word' id='word_1_86' title='bbox 1294 1045 1347 1085; x_wconf 91' lang='lat' dir='ltr'><strong>et</strong></span> <span class='ocrx_word' id='word_1_87' title='bbox 1373 1055 1475 1085; x_wconf 92' lang='lat' dir='ltr'><strong>non</strong></span> <span class='ocrx_word' id='word_1_88' title='bbox 1498 1042 1551 1084; x_wconf 90' lang='lat' dir='ltr'><strong>in</strong></span> <span class='ocrx_word' id='word_1_89' title='bbox 1575 1055 1750 1102; x_wconf 90' lang='lat' dir='ltr'><strong>super-</strong></span> 
     </span>
     <span class='ocr_line' id='line_1_14' title="bbox 239 1104 1750 1170; baseline 0.003 -21"><span class='ocrx_word' id='word_1_90' title='bbox 239 1104 349 1150; x_wconf 92' lang='lat' dir='ltr'><strong>ficie</strong></span> <span class='ocrx_word' id='word_1_91' title='bbox 369 1105 459 1152; x_wconf 90' lang='lat' dir='ltr'><strong>sed</strong></span> <span class='ocrx_word' id='word_1_92' title='bbox 478 1105 766 1152; x_wconf 89' lang='lat' dir='ltr'><strong>Christiana</strong></span> <span class='ocrx_word' id='word_1_93' title='bbox 784 1109 999 1152; x_wconf 91' lang='lat' dir='ltr'><strong>caritate</strong></span> <span class='ocrx_word' id='word_1_94' title='bbox 1019 1105 1324 1162; x_wconf 79' lang='lat' dir='ltr'><strong>Christiane,</strong></span> <span class='ocrx_word' id='word_1_95' title='bbox 1343 1123 1505 1162; x_wconf 91' lang='lat' dir='ltr'><strong>sume,</strong></span> <span class='ocrx_word' id='word_1_96' title='bbox 1521 1110 1750 1170; x_wconf 90' lang='lat' dir='ltr'><strong>inquam,</strong></span> 
     </span>
     <span class='ocr_line' id='line_1_15' title="bbox 240 1173 1750 1237; baseline 0.002 -19"><span class='ocrx_word' id='word_1_97' title='bbox 240 1176 397 1218; x_wconf 90' lang='lat' dir='ltr'><strong>etiam</strong></span> <span class='ocrx_word' id='word_1_98' title='bbox 415 1173 568 1220; x_wconf 84' lang='lat' dir='ltr'><strong>libros</strong></span> <span class='ocrx_word' id='word_1_99' title='bbox 595 1191 720 1237; x_wconf 88' lang='lat' dir='ltr'><strong>quos</strong></span> <span class='ocrx_word' id='word_1_100' title='bbox 747 1174 1068 1230; x_wconf 78' lang='lat' dir='ltr'><strong>desiderasti,</strong></span> <span class='ocrx_word' id='word_1_101' title='bbox 1088 1173 1464 1221; x_wconf 87' lang='lat' dir='ltr'><strong>confessionum</strong></span> <span class='ocrx_word' id='word_1_102' title='bbox 1487 1191 1718 1221; x_wconf 91' lang='lat' dir='ltr'><strong>mearum</strong></span> <span class='ocrx_word' id='word_1_103' title='bbox 1738 1191 1750 1231; x_wconf 91' lang='lat'>;</span> 
     </span>
     <span class='ocr_line' id='line_1_16' title="bbox 237 1241 1750 1306; baseline 0.002 -20"><span class='ocrx_word' id='word_1_104' title='bbox 237 1242 308 1287; x_wconf 88' lang='lat' dir='ltr'><strong>ibi</strong></span> <span class='ocrx_word' id='word_1_105' title='bbox 348 1258 432 1287; x_wconf 89' lang='lat' dir='ltr'><strong>me</strong></span> <span class='ocrx_word' id='word_1_106' title='bbox 464 1245 675 1305; x_wconf 87' lang='lat' dir='ltr'><strong>inspice,</strong></span> <span class='ocrx_word' id='word_1_107' title='bbox 711 1259 776 1288; x_wconf 92' lang='lat' dir='ltr'><strong>ne</strong></span> <span class='ocrx_word' id='word_1_108' title='bbox 813 1259 896 1288; x_wconf 90' lang='lat' dir='ltr'><strong>me</strong></span> <span class='ocrx_word' id='word_1_109' title='bbox 934 1241 1111 1290; x_wconf 91' lang='lat' dir='ltr'><strong>laudes</strong></span> <span class='ocrx_word' id='word_1_110' title='bbox 1150 1242 1284 1289; x_wconf 85' lang='lat' dir='ltr'><strong>ultra</strong></span> <span class='ocrx_word' id='word_1_111' title='bbox 1326 1260 1481 1306; x_wconf 86' lang='lat' dir='ltr'><strong>quam</strong></span> <span class='ocrx_word' id='word_1_112' title='bbox 1516 1260 1645 1299; x_wconf 87' lang='lat' dir='ltr'><strong>sum,</strong></span> <span class='ocrx_word' id='word_1_113' title='bbox 1677 1245 1750 1290; x_wconf 92' lang='lat' dir='ltr'><strong>ibi</strong></span> 
     </span>
     <span class='ocr_line' id='line_1_17' title="bbox 238 1309 1751 1366; baseline 0.002 -11"><span class='ocrx_word' id='word_1_114' title='bbox 238 1326 341 1355; x_wconf 92' lang='lat' dir='ltr'><strong>non</strong></span> <span class='ocrx_word' id='word_1_115' title='bbox 375 1309 482 1356; x_wconf 90' lang='lat' dir='ltr'><strong>aliis</strong></span> <span class='ocrx_word' id='word_1_116' title='bbox 517 1311 581 1358; x_wconf 94' lang='lat' dir='ltr'><strong>de</strong></span> <span class='ocrx_word' id='word_1_117' title='bbox 614 1327 698 1356; x_wconf 90' lang='lat' dir='ltr'><strong>me</strong></span> <span class='ocrx_word' id='word_1_118' title='bbox 732 1311 883 1358; x_wconf 86' lang='lat' dir='ltr'><strong>crede</strong></span> <span class='ocrx_word' id='word_1_119' title='bbox 918 1311 1010 1358; x_wconf 91' lang='lat' dir='ltr'><strong>sed</strong></span> <span class='ocrx_word' id='word_1_120' title='bbox 1041 1310 1183 1366; x_wconf 88' lang='lat' dir='ltr'><strong>mihi,</strong></span> <span class='ocrx_word' id='word_1_121' title='bbox 1215 1312 1287 1358; x_wconf 91' lang='lat' dir='ltr'><strong>ibi</strong></span> <span class='ocrx_word' id='word_1_122' title='bbox 1318 1328 1402 1358; x_wconf 90' lang='lat' dir='ltr'><strong>me</strong></span> <span class='ocrx_word' id='word_1_123' title='bbox 1437 1311 1662 1359; x_wconf 85' lang='lat' dir='ltr'><strong>adtende</strong></span> <span class='ocrx_word' id='word_1_124' title='bbox 1697 1319 1751 1358; x_wconf 91' lang='lat' dir='ltr'><strong>et</strong></span> 
     </span>
     <span class='ocr_line' id='line_1_18' title="bbox 237 1377 1750 1442; baseline 0.001 -18"><span class='ocrx_word' id='word_1_125' title='bbox 237 1378 354 1424; x_wconf 81' lang='lat' dir='ltr'><strong>vide</strong></span> <span class='ocrx_word' id='word_1_126' title='bbox 388 1379 512 1441; x_wconf 92' lang='lat' dir='ltr'><strong>quid</strong></span> <span class='ocrx_word' id='word_1_127' title='bbox 546 1377 732 1425; x_wconf 85' lang='lat' dir='ltr'><strong>fuerim</strong></span> <span class='ocrx_word' id='word_1_128' title='bbox 764 1382 817 1425; x_wconf 87' lang='lat' dir='ltr'><strong>in</strong></span> <span class='ocrx_word' id='word_1_129' title='bbox 853 1395 936 1425; x_wconf 92' lang='lat' dir='ltr'><strong>me</strong></span> <span class='ocrx_word' id='word_1_130' title='bbox 972 1383 1081 1442; x_wconf 89' lang='lat' dir='ltr'><strong>ipso</strong></span> <span class='ocrx_word' id='word_1_131' title='bbox 1116 1396 1209 1442; x_wconf 91' lang='lat' dir='ltr'><strong>per</strong></span> <span class='ocrx_word' id='word_1_132' title='bbox 1239 1395 1323 1425; x_wconf 90' lang='lat' dir='ltr'><strong>me</strong></span> <span class='ocrx_word' id='word_1_133' title='bbox 1354 1383 1536 1442; x_wconf 91' lang='lat' dir='ltr'><strong>ipsum.</strong></span> <span class='ocrx_word' id='word_1_134' title='bbox 1605 1380 1676 1426; x_wconf 89' lang='lat' dir='ltr'><strong>Et</strong></span> <span class='ocrx_word' id='word_1_135' title='bbox 1708 1383 1750 1426; x_wconf 92' lang='lat' dir='ltr'><strong>si</strong></span> 
     </span>
     <span class='ocr_line' id='line_1_19' title="bbox 237 1446 1750 1511; baseline 0.001 -19"><span class='ocrx_word' id='word_1_136' title='bbox 237 1446 362 1508; x_wconf 89' lang='lat' dir='ltr'><strong>quid</strong></span> <span class='ocrx_word' id='word_1_137' title='bbox 396 1450 448 1492; x_wconf 92' lang='lat' dir='ltr'><strong>in</strong></span> <span class='ocrx_word' id='word_1_138' title='bbox 483 1464 567 1493; x_wconf 90' lang='lat' dir='ltr'><strong>me</strong></span> <span class='ocrx_word' id='word_1_139' title='bbox 609 1449 705 1494; x_wconf 91' lang='lat' dir='ltr'><strong>tibi</strong></span> <span class='ocrx_word' id='word_1_140' title='bbox 745 1447 1013 1510; x_wconf 76' lang='lat' dir='ltr'><strong>placuerit,</strong></span> <span class='ocrx_word' id='word_1_141' title='bbox 1049 1447 1203 1494; x_wconf 89' lang='lat' dir='ltr'><strong>lauda</strong></span> <span class='ocrx_word' id='word_1_142' title='bbox 1244 1449 1315 1494; x_wconf 90' lang='lat' dir='ltr'><strong>ibi</strong></span> <span class='ocrx_word' id='word_1_143' title='bbox 1354 1464 1557 1494; x_wconf 90' lang='lat' dir='ltr'><strong>mecum</strong></span> <span class='ocrx_word' id='word_1_144' title='bbox 1595 1464 1750 1511; x_wconf 92' lang='lat' dir='ltr'><strong>quem</strong></span> 
     </span>
     <span class='ocr_line' id='line_1_20' title="bbox 235 1513 1750 1580; baseline 0.002 -20"><span class='ocrx_word' id='word_1_145' title='bbox 235 1513 433 1561; x_wconf 90' lang='lat' dir='ltr'><strong>laudari</strong></span> <span class='ocrx_word' id='word_1_146' title='bbox 465 1515 600 1561; x_wconf 81' lang='lat' dir='ltr'><strong>volui</strong></span> <span class='ocrx_word' id='word_1_147' title='bbox 633 1516 697 1563; x_wconf 94' lang='lat' dir='ltr'><strong>de</strong></span> <span class='ocrx_word' id='word_1_148' title='bbox 730 1533 832 1572; x_wconf 88' lang='lat' dir='ltr'><strong>me,</strong></span> <span class='ocrx_word' id='word_1_149' title='bbox 866 1532 1035 1579; x_wconf 88' lang='lat' dir='ltr'><strong>neque</strong></span> <span class='ocrx_word' id='word_1_150' title='bbox 1071 1519 1207 1562; x_wconf 92' lang='lat' dir='ltr'><strong>enim</strong></span> <span class='ocrx_word' id='word_1_151' title='bbox 1239 1532 1341 1572; x_wconf 90' lang='lat' dir='ltr'><strong>me,</strong></span> <span class='ocrx_word' id='word_1_152' title='bbox 1375 1519 1617 1579; x_wconf 87' lang='lat' dir='ltr'><strong>quoniam</strong></span> <span class='ocrx_word' id='word_1_153' title='bbox 1649 1516 1750 1580; x_wconf 80' lang='lat' dir='ltr'><strong>ipse</strong></span> 
     </span>
     <span class='ocr_line' id='line_1_21' title="bbox 223 1581 1750 1647; baseline 0.001 -18"><span class='ocrx_word' id='word_1_154' title='bbox 223 1581 351 1647; x_wconf 77' lang='lat' dir='ltr'><strong>fecit</strong></span> <span class='ocrx_word' id='word_1_155' title='bbox 384 1600 470 1630; x_wconf 77' lang='lat' dir='ltr'><strong>nos</strong></span> <span class='ocrx_word' id='word_1_156' title='bbox 505 1590 547 1630; x_wconf 80' lang='lat' dir='ltr'><strong>et</strong></span> <span class='ocrx_word' id='word_1_157' title='bbox 583 1601 674 1630; x_wconf 80' lang='lat' dir='ltr'><strong>non</strong></span> <span class='ocrx_word' id='word_1_158' title='bbox 708 1582 800 1647; x_wconf 77' lang='lat' dir='ltr'><strong>ipsi</strong></span> <span class='ocrx_word' id='word_1_159' title='bbox 836 1600 955 1639; x_wconf 74' lang='lat'><strong><em>72033</em></strong></span> <span class='ocrx_word' id='word_1_160' title='bbox 1008 1601 1098 1630; x_wconf 87' lang='lat' dir='ltr'><strong>nos</strong></span> <span class='ocrx_word' id='word_1_161' title='bbox 1143 1591 1319 1630; x_wconf 84' lang='lat' dir='ltr'><strong>autem</strong></span> <span class='ocrx_word' id='word_1_162' title='bbox 1360 1585 1750 1647; x_wconf 81' lang='lat' dir='ltr'><strong>perdideramus</strong></span> 
     </span>
     <span class='ocr_line' id='line_1_22' title="bbox 238 1620 1750 1715; baseline 0.001 -18"><span class='ocrx_word' id='word_1_163' title='bbox 238 1668 346 1706; x_wconf 92' lang='lat' dir='ltr'><strong>nos,</strong></span> <span class='ocrx_word' id='word_1_164' title='bbox 380 1652 471 1698; x_wconf 92' lang='lat' dir='ltr'><strong>sed</strong></span> <span class='ocrx_word' id='word_1_165' title='bbox 508 1655 594 1715; x_wconf 91' lang='lat' dir='ltr'><strong>qui</strong></span> <span class='ocrx_word' id='word_1_166' title='bbox 627 1650 768 1707; x_wconf 87' lang='lat' dir='ltr'><strong>fecit,</strong></span> <span class='ocrx_word' id='word_1_167' title='bbox 801 1620 997 1698; x_wconf 86' lang='lat' dir='ltr'><strong>refecit.</strong></span> <span class='ocrx_word' id='word_1_168' title='bbox 1069 1651 1198 1698; x_wconf 92' lang='lat' dir='ltr'><strong>Cum</strong></span> <span class='ocrx_word' id='word_1_169' title='bbox 1240 1659 1415 1699; x_wconf 88' lang='lat' dir='ltr'><strong>autem</strong></span> <span class='ocrx_word' id='word_1_170' title='bbox 1455 1653 1527 1699; x_wconf 91' lang='lat' dir='ltr'><strong>ibi</strong></span> <span class='ocrx_word' id='word_1_171' title='bbox 1558 1669 1642 1699; x_wconf 92' lang='lat' dir='ltr'><strong>me</strong></span> <span class='ocrx_word' id='word_1_172' title='bbox 1674 1655 1750 1698; x_wconf 92' lang='lat' dir='ltr'><strong>in-</strong></span> 
     </span>
     <span class='ocr_line' id='line_1_23' title="bbox 237 1720 1750 1783; baseline 0.001 -18"><span class='ocrx_word' id='word_1_173' title='bbox 237 1723 454 1775; x_wconf 84' lang='lat' dir='ltr'><strong>veneris,</strong></span> <span class='ocrx_word' id='word_1_174' title='bbox 481 1737 568 1767; x_wconf 91' lang='lat' dir='ltr'><strong>ora</strong></span> <span class='ocrx_word' id='word_1_175' title='bbox 595 1737 686 1783; x_wconf 91' lang='lat' dir='ltr'><strong>pro</strong></span> <span class='ocrx_word' id='word_1_176' title='bbox 712 1737 814 1776; x_wconf 89' lang='lat' dir='ltr'><strong>me,</strong></span> <span class='ocrx_word' id='word_1_177' title='bbox 841 1737 906 1766; x_wconf 94' lang='lat' dir='ltr'><strong>ne</strong></span> <span class='ocrx_word' id='word_1_178' title='bbox 935 1720 1186 1776; x_wconf 91' lang='lat' dir='ltr'><strong>deficiam,</strong></span> <span class='ocrx_word' id='word_1_179' title='bbox 1213 1720 1305 1767; x_wconf 91' lang='lat' dir='ltr'><strong>sed</strong></span> <span class='ocrx_word' id='word_1_180' title='bbox 1332 1720 1565 1783; x_wconf 88' lang='lat' dir='ltr'><strong>perficiar</strong></span> <span class='ocrx_word' id='word_1_181' title='bbox 1588 1736 1599 1776; x_wconf 90' lang='lat'>;</span> <span class='ocrx_word' id='word_1_182' title='bbox 1644 1737 1750 1776; x_wconf 88' lang='lat' dir='ltr'><strong>ora,</strong></span> 
     </span>
     <span class='ocr_line' id='line_1_24' title="bbox 239 1786 1752 1852; baseline 0.001 -19"><span class='ocrx_word' id='word_1_183' title='bbox 239 1786 325 1843; x_wconf 90' lang='lat' dir='ltr'><strong>fili,</strong></span> <span class='ocrx_word' id='word_1_184' title='bbox 355 1805 457 1834; x_wconf 92' lang='lat' dir='ltr'><strong>ora.</strong></span> <span class='ocrx_word' id='word_1_185' title='bbox 528 1787 704 1835; x_wconf 87' lang='lat' dir='ltr'><strong>Sentio</strong></span> <span class='ocrx_word' id='word_1_186' title='bbox 737 1789 860 1851; x_wconf 91' lang='lat' dir='ltr'><strong>quid</strong></span> <span class='ocrx_word' id='word_1_187' title='bbox 890 1789 1073 1844; x_wconf 85' lang='lat' dir='ltr'><strong>dicam,</strong></span> <span class='ocrx_word' id='word_1_188' title='bbox 1107 1792 1208 1835; x_wconf 90' lang='lat' dir='ltr'><strong>scio</strong></span> <span class='ocrx_word' id='word_1_189' title='bbox 1243 1789 1366 1851; x_wconf 89' lang='lat' dir='ltr'><strong>quid</strong></span> <span class='ocrx_word' id='word_1_190' title='bbox 1394 1796 1606 1852; x_wconf 85' lang='lat' dir='ltr'><strong>petam3</strong></span> <span class='ocrx_word' id='word_1_191' title='bbox 1648 1805 1752 1835; x_wconf 90' lang='lat' dir='ltr'><strong>non</strong></span> 
     </span>
     <span class='ocr_line' id='line_1_25' title="bbox 237 1856 1749 1920; baseline 0.001 -18"><span class='ocrx_word' id='word_1_192' title='bbox 237 1856 333 1902; x_wconf 93' lang='lat' dir='ltr'><strong>tibi</strong></span> <span class='ocrx_word' id='word_1_193' title='bbox 371 1857 607 1903; x_wconf 74' lang='lat' dir='ltr'><strong>videatur</strong></span> <span class='ocrx_word' id='word_1_194' title='bbox 644 1857 913 1920; x_wconf 85' lang='lat' dir='ltr'><strong>indignum</strong></span> <span class='ocrx_word' id='word_1_195' title='bbox 953 1864 1007 1903; x_wconf 90' lang='lat' dir='ltr'><strong>et</strong></span> <span class='ocrx_word' id='word_1_196' title='bbox 1046 1860 1190 1919; x_wconf 88' lang='lat' dir='ltr'><strong>quasi</strong></span> <span class='ocrx_word' id='word_1_197' title='bbox 1229 1856 1363 1903; x_wconf 77' lang='lat' dir='ltr'><strong>ult-ra</strong></span> <span class='ocrx_word' id='word_1_198' title='bbox 1399 1860 1586 1904; x_wconf 87' lang='lat' dir='ltr'><strong>merita</strong></span> <span class='ocrx_word' id='word_1_199' title='bbox 1623 1863 1749 1913; x_wconf 82' lang='lat' dir='ltr'><strong>tua3</strong></span> 
     </span>
     <span class='ocr_line' id='line_1_26' title="bbox 238 1922 1752 1988; baseline 0.001 -19"><span class='ocrx_word' id='word_1_200' title='bbox 238 1922 498 1971; x_wconf 86' lang='lat' dir='ltr'><strong>fraudabis</strong></span> <span class='ocrx_word' id='word_1_201' title='bbox 530 1942 613 1971; x_wconf 87' lang='lat' dir='ltr'><strong>me</strong></span> <span class='ocrx_word' id='word_1_202' title='bbox 644 1942 833 1988; x_wconf 80' lang='lat' dir='ltr'><strong>magno</strong></span> <span class='ocrx_word' id='word_1_203' title='bbox 866 1925 1135 1980; x_wconf 89' lang='lat' dir='ltr'><strong>adiutorio,</strong></span> <span class='ocrx_word' id='word_1_204' title='bbox 1168 1928 1208 1971; x_wconf 90' lang='lat' dir='ltr'><strong>si</strong></span> <span class='ocrx_word' id='word_1_205' title='bbox 1238 1942 1340 1971; x_wconf 92' lang='lat' dir='ltr'><strong>non</strong></span> <span class='ocrx_word' id='word_1_206' title='bbox 1370 1923 1566 1972; x_wconf 90' lang='lat' dir='ltr'><strong>feceris.</strong></span> <span class='ocrx_word' id='word_1_207' title='bbox 1636 1924 1752 1971; x_wconf 91' lang='lat' dir='ltr'><strong>Non</strong></span> 
     </span>
     <span class='ocr_line' id='line_1_27' title="bbox 238 1992 1750 2056; baseline 0.002 -19"><span class='ocrx_word' id='word_1_208' title='bbox 238 1992 400 2038; x_wconf 89' lang='lat' dir='ltr'><strong>solum</strong></span> <span class='ocrx_word' id='word_1_209' title='bbox 435 2000 510 2048; x_wconf 91' lang='lat' dir='ltr'><strong>tu,</strong></span> <span class='ocrx_word' id='word_1_210' title='bbox 549 1993 641 2040; x_wconf 93' lang='lat' dir='ltr'><strong>sed</strong></span> <span class='ocrx_word' id='word_1_211' title='bbox 677 1997 834 2040; x_wconf 91' lang='lat' dir='ltr'><strong>etiam</strong></span> <span class='ocrx_word' id='word_1_212' title='bbox 871 2010 1046 2040; x_wconf 87' lang='lat' dir='ltr'><strong>omnes</strong></span> <span class='ocrx_word' id='word_1_213' title='bbox 1084 1997 1170 2056; x_wconf 93' lang='lat' dir='ltr'><strong>qui</strong></span> <span class='ocrx_word' id='word_1_214' title='bbox 1205 2010 1288 2039; x_wconf 88' lang='lat' dir='ltr'><strong>me</strong></span> <span class='ocrx_word' id='word_1_215' title='bbox 1327 2010 1390 2040; x_wconf 82' lang='lat' dir='ltr'><strong>ex</strong></span> <span class='ocrx_word' id='word_1_216' title='bbox 1426 2010 1512 2040; x_wconf 88' lang='lat' dir='ltr'><strong>ore</strong></span> <span class='ocrx_word' id='word_1_217' title='bbox 1549 2000 1640 2040; x_wconf 91' lang='lat' dir='ltr'><strong>tuo</strong></span> <span class='ocrx_word' id='word_1_218' title='bbox 1676 1993 1750 2040; x_wconf 84' lang='lat' dir='ltr'><strong>dj-</strong></span> 
     </span>
    </p>
   </div>
   <div class='ocr_carea' id='block_1_3' title="bbox 242 2165 1753 2546">
    <p class='ocr_par' dir='ltr' id='par_1_4' title="bbox 300 2165 620 2207">
     <span class='ocr_line' id='line_1_28' title="bbox 300 2165 620 2207; baseline 0.003 -2"><span class='ocrx_word' id='word_1_219' title='bbox 300 2171 317 2189; x_wconf 81' lang='lat'><strong>‘¹</strong></span> <span class='ocrx_word' id='word_1_220' title='bbox 352 2165 422 2206; x_wconf 89' lang='lat' dir='ltr'><strong>Ps.</strong></span> <span class='ocrx_word' id='word_1_221' title='bbox 445 2167 556 2207; x_wconf 81' lang='lat' dir='ltr'><strong>xcix.</strong></span> <span class='ocrx_word' id='word_1_222' title='bbox 580 2169 620 2207; x_wconf 82' lang='lat'><strong>3.</strong></span> 
     </span>
    </p>

    <p class='ocr_par' dir='ltr' id='par_1_5' title="bbox 242 2219 1753 2546">
     <span class='ocr_line' id='line_1_29' title="bbox 304 2219 1752 2273; baseline -0.001 -12"><span class='ocrx_word' id='word_1_223' title='bbox 304 2220 319 2243; x_wconf 58' lang='grc' dir='ltr'><strong>ὃ</strong></span> <span class='ocrx_word' id='word_1_224' title='bbox 352 2221 471 2261; x_wconf 90' lang='lat' dir='ltr'><strong>Here</strong></span> <span class='ocrx_word' id='word_1_225' title='bbox 506 2222 758 2273; x_wconf 75' lang='lat' dir='ltr'><strong>Augustine</strong></span> <span class='ocrx_word' id='word_1_226' title='bbox 792 2220 872 2260; x_wconf 82' lang='lat' dir='ltr'><strong>has</strong></span> <span class='ocrx_word' id='word_1_227' title='bbox 899 2234 957 2260; x_wconf 87' lang='lat' dir='ltr'><strong>an</strong></span> <span class='ocrx_word' id='word_1_228' title='bbox 983 2219 1335 2261; x_wconf 85' lang='lat' dir='ltr'><strong>untranslatahle</strong></span> <span class='ocrx_word' id='word_1_229' title='bbox 1368 2219 1583 2261; x_wconf 85' lang='lat' dir='ltr'><strong>four-sold</strong></span> <span class='ocrx_word' id='word_1_230' title='bbox 1610 2219 1752 2273; x_wconf 86' lang='lat' dir='ltr'><strong>jingle</strong></span> 
     </span>
     <span class='ocr_line' id='line_1_30' title="bbox 244 2275 1753 2328; baseline 0.002 -15"><span class='ocrx_word' id='word_1_231' title='bbox 244 2275 349 2315; x_wconf 75' lang='lat' dir='ltr'><strong>with</strong></span> <span class='ocrx_word' id='word_1_232' title='bbox 369 2275 509 2327; x_wconf 76' lang='lat' dir='ltr'><strong>facio,</strong></span> <span class='ocrx_word' id='word_1_233' title='bbox 538 2277 696 2327; x_wconf 75' lang='lat' dir='ltr'><strong>reficio,</strong></span> <span class='ocrx_word' id='word_1_234' title='bbox 726 2276 890 2327; x_wconf 77' lang='lat' dir='ltr'><strong>deficio,</strong></span> <span class='ocrx_word' id='word_1_235' title='bbox 914 2276 1125 2328; x_wconf 65' lang='lat' dir='ltr'><strong>perficiog</strong></span> <span class='ocrx_word' id='word_1_236' title='bbox 1170 2275 1335 2316; x_wconf 82' lang='lat' dir='ltr'><strong>several</strong></span> <span class='ocrx_word' id='word_1_237' title='bbox 1362 2278 1491 2316; x_wconf 87' lang='lat' dir='ltr'><strong>times</strong></span> <span class='ocrx_word' id='word_1_238' title='bbox 1518 2275 1753 2316; x_wconf 84' lang='lat' dir='ltr'><strong>elsewhere</strong></span> 
     </span>
     <span class='ocr_line' id='line_1_31' title="bbox 243 2329 1753 2382; baseline 0.001 -13"><span class='ocrx_word' id='word_1_239' title='bbox 243 2329 298 2369; x_wconf 92' lang='lat' dir='ltr'><strong>he</strong></span> <span class='ocrx_word' id='word_1_240' title='bbox 325 2330 404 2370; x_wconf 82' lang='lat' dir='ltr'><strong>has</strong></span> <span class='ocrx_word' id='word_1_241' title='bbox 424 2330 499 2370; x_wconf 88' lang='lat' dir='ltr'><strong>the</strong></span> <span class='ocrx_word' id='word_1_242' title='bbox 520 2330 648 2382; x_wconf 83' lang='lat' dir='ltr'><strong>triple</strong></span> <span class='ocrx_word' id='word_1_243' title='bbox 673 2332 1001 2382; x_wconf 82' lang='lat' dir='ltr'><strong>paronomasia,</strong></span> <span class='ocrx_word' id='word_1_244' title='bbox 1027 2344 1075 2370; x_wconf 87' lang='lat' dir='ltr'><strong>as</strong></span> <span class='ocrx_word' id='word_1_245' title='bbox 1097 2330 1151 2369; x_wconf 82' lang='lat' dir='ltr'><strong>In</strong></span> <span class='ocrx_word' id='word_1_246' title='bbox 1176 2330 1298 2371; x_wconf 78' lang='lat' dir='ltr'><strong>Ioan.</strong></span> <span class='ocrx_word' id='word_1_247' title='bbox 1320 2330 1402 2371; x_wconf 76' lang='lat' dir='ltr'><strong>Ev.</strong></span> <span class='ocrx_word' id='word_1_248' title='bbox 1435 2334 1470 2371; x_wconf 92' lang='lat'><strong>1.</strong></span> <span class='ocrx_word' id='word_1_249' title='bbox 1497 2333 1546 2370; x_wconf 74' lang='lat'><strong>12</strong></span> <span class='ocrx_word' id='word_1_250' title='bbox 1569 2330 1594 2346; x_wconf 93' lang='lat'>“</span> <span class='ocrx_word' id='word_1_251' title='bbox 1615 2332 1651 2370; x_wconf 88' lang='lat' dir='ltr'><strong>si</strong></span> <span class='ocrx_word' id='word_1_252' title='bbox 1674 2343 1753 2382; x_wconf 89' lang='lat' dir='ltr'><strong>per</strong></span> 
     </span>
     <span class='ocr_line' id='line_1_32' title="bbox 242 2383 1752 2437; baseline 0.001 -14"><span class='ocrx_word' id='word_1_253' title='bbox 242 2388 284 2424; x_wconf 86' lang='lat' dir='ltr'><strong>te</strong></span> <span class='ocrx_word' id='word_1_254' title='bbox 311 2383 476 2433; x_wconf 75' lang='lat' dir='ltr'><strong>deficiS,</strong></span> <span class='ocrx_word' id='word_1_255' title='bbox 507 2385 585 2425; x_wconf 91' lang='lat' dir='ltr'><strong>Ille</strong></span> <span class='ocrx_word' id='word_1_256' title='bbox 615 2390 658 2425; x_wconf 86' lang='lat' dir='ltr'><strong>te</strong></span> <span class='ocrx_word' id='word_1_257' title='bbox 685 2384 851 2425; x_wconf 79' lang='lat' dir='ltr'><strong>reficiat</strong></span> <span class='ocrx_word' id='word_1_258' title='bbox 879 2387 956 2437; x_wconf 87' lang='lat' dir='ltr'><strong>qui</strong></span> <span class='ocrx_word' id='word_1_259' title='bbox 983 2389 1026 2424; x_wconf 83' lang='lat' dir='ltr'><strong>te</strong></span> <span class='ocrx_word' id='word_1_260' title='bbox 1052 2384 1202 2432; x_wconf 83' lang='lat' dir='ltr'><strong>fecit‚”</strong></span> <span class='ocrx_word' id='word_1_261' title='bbox 1234 2384 1289 2425; x_wconf 79' lang='lat' dir='ltr'><strong>In</strong></span> <span class='ocrx_word' id='word_1_262' title='bbox 1319 2385 1394 2426; x_wconf 80' lang='lat' dir='ltr'><strong>Ps.</strong></span> <span class='ocrx_word' id='word_1_263' title='bbox 1426 2388 1496 2425; x_wconf 72' lang='lat'><strong>94.</strong></span> <span class='ocrx_word' id='word_1_264' title='bbox 1532 2387 1583 2425; x_wconf 91' lang='lat'><strong>10</strong></span> <span class='ocrx_word' id='word_1_265' title='bbox 1614 2385 1680 2425; x_wconf 86' lang='lat' dir='ltr'><strong>“a</strong></span> <span class='ocrx_word' id='word_1_266' title='bbox 1712 2389 1752 2425; x_wconf 72' lang='lat' dir='ltr'><strong>te</strong></span> 
     </span>
     <span class='ocr_line' id='line_1_33' title="bbox 246 2438 1752 2491; baseline 0.001 -13"><span class='ocrx_word' id='word_1_267' title='bbox 246 2438 432 2479; x_wconf 86' lang='lat' dir='ltr'><strong>deficere</strong></span> <span class='ocrx_word' id='word_1_268' title='bbox 457 2444 598 2490; x_wconf 77' lang='lat' dir='ltr'><strong>potes,</strong></span> <span class='ocrx_word' id='word_1_269' title='bbox 622 2443 668 2479; x_wconf 86' lang='lat' dir='ltr'><strong>tu</strong></span> <span class='ocrx_word' id='word_1_270' title='bbox 692 2441 884 2491; x_wconf 88' lang='lat' dir='ltr'><strong>teipsum</strong></span> <span class='ocrx_word' id='word_1_271' title='bbox 914 2439 1090 2479; x_wconf 80' lang='lat' dir='ltr'><strong>reficere</strong></span> <span class='ocrx_word' id='word_1_272' title='bbox 1111 2453 1201 2479; x_wconf 89' lang='lat' dir='ltr'><strong>non</strong></span> <span class='ocrx_word' id='word_1_273' title='bbox 1226 2443 1372 2491; x_wconf 84' lang='lat' dir='ltr'><strong>potes;</strong></span> <span class='ocrx_word' id='word_1_274' title='bbox 1407 2438 1484 2479; x_wconf 90' lang='lat' dir='ltr'><strong>Ille</strong></span> <span class='ocrx_word' id='word_1_275' title='bbox 1505 2438 1645 2479; x_wconf 86' lang='lat' dir='ltr'><strong>reficit</strong></span> <span class='ocrx_word' id='word_1_276' title='bbox 1673 2440 1752 2491; x_wconf 90' lang='lat' dir='ltr'><strong>qui</strong></span> 
     </span>
     <span class='ocr_line' id='line_1_34' title="bbox 247 2493 1753 2546; baseline 0 -13"><span class='ocrx_word' id='word_1_277' title='bbox 247 2497 290 2533; x_wconf 88' lang='lat' dir='ltr'><strong>te</strong></span> <span class='ocrx_word' id='word_1_278' title='bbox 316 2494 469 2534; x_wconf 80' lang='lat' dir='ltr'><strong>fecit.&#39;’</strong></span> <span class='ocrx_word' id='word_1_279' title='bbox 530 2494 623 2534; x_wconf 86' lang='lat' dir='ltr'><strong>The</strong></span> <span class='ocrx_word' id='word_1_280' title='bbox 650 2493 756 2546; x_wconf 82' lang='lat' dir='ltr'><strong>play</strong></span> <span class='ocrx_word' id='word_1_281' title='bbox 779 2507 898 2546; x_wconf 85' lang='lat' dir='ltr'><strong>upon</strong></span> <span class='ocrx_word' id='word_1_282' title='bbox 926 2494 1101 2545; x_wconf 77' lang='lat' dir='ltr'><strong>deficere</strong></span> <span class='ocrx_word' id='word_1_283' title='bbox 1121 2493 1210 2533; x_wconf 88' lang='lat' dir='ltr'><strong>and</strong></span> <span class='ocrx_word' id='word_1_284' title='bbox 1239 2494 1408 2545; x_wconf 83' lang='lat' dir='ltr'><strong>reficere</strong></span> <span class='ocrx_word' id='word_1_285' title='bbox 1429 2495 1464 2533; x_wconf 87' lang='lat' dir='ltr'><strong>is</strong></span> <span class='ocrx_word' id='word_1_286' title='bbox 1485 2507 1511 2533; x_wconf 91' lang='lat' dir='ltr'><strong>a</strong></span> <span class='ocrx_word' id='word_1_287' title='bbox 1534 2494 1753 2534; x_wconf 85' lang='lat' dir='ltr'><strong>favourite</strong></span> 
     </span>
    </p>
   </div>
   <div class='ocr_carea' id='block_1_4' title="bbox 243 2547 1749 2661">
    <p class='ocr_par' dir='ltr' id='par_1_6' title="bbox 243 2547 1749 2661">
     <span class='ocr_line' id='line_1_35' title="bbox 243 2547 1749 2601; baseline 0.001 -14"><span class='ocrx_word' id='word_1_288' title='bbox 243 2548 348 2588; x_wconf 85' lang='lat' dir='ltr'><strong>with</strong></span> <span class='ocrx_word' id='word_1_289' title='bbox 373 2548 465 2588; x_wconf 90' lang='lat' dir='ltr'><strong>him</strong></span> <span class='ocrx_word' id='word_1_290' title='bbox 487 2548 560 2601; x_wconf 85' lang='lat' dir='ltr'><strong>(In</strong></span> <span class='ocrx_word' id='word_1_291' title='bbox 582 2548 705 2590; x_wconf 82' lang='lat' dir='ltr'><strong>Ioan.</strong></span> <span class='ocrx_word' id='word_1_292' title='bbox 726 2548 808 2589; x_wconf 84' lang='lat' dir='ltr'><strong>Ev.</strong></span> <span class='ocrx_word' id='word_1_293' title='bbox 837 2552 901 2589; x_wconf 88' lang='lat'><strong>11.</strong></span> <span class='ocrx_word' id='word_1_294' title='bbox 923 2552 964 2596; x_wconf 88' lang='lat'><strong>5,</strong></span> <span class='ocrx_word' id='word_1_295' title='bbox 989 2551 1057 2589; x_wconf 78' lang='lat'><strong>52.</strong></span> <span class='ocrx_word' id='word_1_296' title='bbox 1086 2551 1138 2595; x_wconf 75' lang='lat'><strong>33</strong></span> <span class='ocrx_word' id='word_1_297' title='bbox 1172 2548 1226 2588; x_wconf 85' lang='lat' dir='ltr'><strong>In</strong></span> <span class='ocrx_word' id='word_1_298' title='bbox 1248 2548 1333 2601; x_wconf 78' lang='lat' dir='ltr'><strong>Ep.</strong></span> <span class='ocrx_word' id='word_1_299' title='bbox 1357 2547 1479 2588; x_wconf 79' lang='lat' dir='ltr'><strong>Ioan.</strong></span> <span class='ocrx_word' id='word_1_300' title='bbox 1502 2550 1542 2589; x_wconf 83' lang='lat'><strong>3.</strong></span> <span class='ocrx_word' id='word_1_301' title='bbox 1573 2551 1610 2596; x_wconf 89' lang='lat'><strong>1,</strong></span> <span class='ocrx_word' id='word_1_302' title='bbox 1633 2551 1673 2589; x_wconf 86' lang='lat'><strong>4.</strong></span> <span class='ocrx_word' id='word_1_303' title='bbox 1698 2551 1749 2595; x_wconf 78' lang='grc' dir='ltr'><strong>ὃς</strong></span> 
     </span>
     <span class='ocr_line' id='line_1_36' title="bbox 245 2618 339 2661; baseline 0.032 -3"><span class='ocrx_word' id='word_1_304' title='bbox 245 2618 339 2661; x_wconf 79' lang='lat'><strong>458</strong></span> 
     </span>
    </p>
   </div>
  </div>
 </body>
</html>
