1850 2964
737 135 827 182 ST.
866 136 1274 184 AUGUSTINE

250 266 549 330 Pelagianos
596 271 836 314 noveritis
890 284 999 315 esse
1046 271 1401 332 conscriptam,
1448 271 1534 333 qui
1580 269 1758 317 dicunt

248 338 468 398 gratiam
508 336 591 382 dei
638 336 918 382 secundum
959 340 1144 383 merita
1184 344 1358 384 nostra
1400 337 1525 393 dari,
1565 344 1624 384 ut
1671 339 1758 400 qui

249 401 511 465 gloriatur,
551 420 653 449 non
691 407 743 449 in
783 404 987 450 domino
1027 405 1118 451 sed
1155 408 1208 451 in
1247 422 1301 451 se
1343 408 1453 468 ipso
1495 404 1757 469 glorietur,

249 469 342 516 hoc
378 478 454 516 est
487 474 539 516 in
572 470 794 527 homine,
827 489 929 518 non
960 475 1012 518 in
1045 473 1264 519 domino.
1335 473 1487 532 Quod
1517 472 1756 536 prohibet

250 538 506 600 apostolus
543 539 745 585 dicens:
800 539 951 586 Nemo
981 540 1207 604 glorietur
1241 540 1289 587 in
1329 540 1526 597 homine,
1568 547 1622 587 et
1660 540 1756 603 alio

249 605 392 652 loco:
444 605 538 659 Qui
569 606 818 670 gloriatur,
855 611 1039 671 inquit,
1069 607 1117 654 in
1153 608 1337 655 domino
1369 608 1608 672 glorietur.
1679 607 1758 654 Illi

248 690 366 719 vero
392 673 637 720 haeretici
662 691 715 721 se
740 678 873 738 ipsos
901 693 929 721 a
954 692 1006 722 se
1032 679 1150 739 ipsis
1176 680 1334 723 iustos
1361 677 1469 723 fieri
1492 683 1755 740 putantes,

249 745 391 804 quasi
432 741 527 788 hoc
570 745 640 789 eis
681 760 783 789 non
825 744 949 790 deus
992 744 1193 791 dederit
1234 745 1325 791 sed
1364 747 1459 808 ipsi
1500 745 1612 800 sibi,
1653 761 1755 791 non

249 813 426 872 utique
476 813 528 855 in
579 811 782 857 domino
832 812 923 858 sed
971 814 1023 858 in
1073 819 1238 859 semet
1285 815 1405 875 ipsis
1455 811 1752 877 gloriantur.

247 877 452 923 Talibus
507 878 629 924 dicit
690 878 982 941 apostolus:
1052 879 1172 933 Quis
1229 880 1348 926 enim
1402 887 1443 927 te
1494 879 1756 927 discernit?

249 945 399 1003 Quod
420 946 535 992 ideo
558 947 698 1002 dicit,
722 950 839 1009 quia
862 947 926 994 de
950 964 1118 994 massa
1142 947 1272 994 illius
1297 949 1596 1011 perditionis
1622 964 1754 1011 quae

247 1012 383 1059 facta
416 1021 494 1060 est
526 1031 589 1060 ex
620 1015 806 1070 Adam,
837 1032 939 1061 non
970 1016 1211 1062 discernit
1240 1015 1517 1072 hominem,
1547 1023 1606 1063 ut
1637 1033 1755 1063 eum

246 1080 399 1128 faciat
426 1098 511 1128 vas
537 1085 589 1127 in
613 1081 857 1128 honorem
883 1100 985 1129 non
1008 1087 1061 1129 in
1085 1084 1465 1140 contumeliam,
1490 1087 1585 1130 nisi
1610 1085 1751 1131 deus.

247 1148 347 1196 Sed
375 1153 614 1212 quoniam
641 1149 793 1197 homo
821 1151 1032 1197 carnalis
1062 1159 1115 1198 et
1141 1155 1362 1198 inaniter
1387 1152 1611 1208 inflatus,
1638 1170 1753 1199 cum

247 1218 472 1264 audisset
498 1235 507 1264 :
550 1217 669 1271 Quis
701 1218 820 1265 enim
855 1225 896 1265 te
929 1219 1148 1266 discernit
1168 1221 1207 1275 ,9,
1237 1228 1412 1283 posset
1443 1221 1753 1283 respondere

246 1284 325 1330 vel
359 1302 480 1331 voce
515 1285 595 1331 vel
629 1290 940 1350 cogitatione
977 1294 1030 1334 et
1065 1288 1269 1335 dicere:
1323 1288 1350 1304 “
1378 1289 1636 1336 Discernit
1668 1305 1752 1335 me

245 1353 369 1399 fides
414 1370 547 1409 mea,
592 1354 833 1401 discernit
875 1371 959 1401 me
1003 1359 1165 1402 oratio
1208 1372 1342 1412 mea,
1386 1357 1627 1404 discernit
1669 1374 1752 1403 me

243 1424 438 1467 iustitia
468 1421 637 1477 mea,’'
668 1439 787 1469 mox
821 1422 1078 1486 apostolus
1110 1427 1326 1471 occurrit
1357 1426 1752 1488 cogitationibus

247 1492 352 1535 eius
392 1496 444 1536 et
481 1490 646 1536 dixit:
699 1490 826 1544 Quid
861 1490 980 1538 enim
1017 1490 1175 1547 habes,
1208 1492 1332 1557 quod
1366 1509 1458 1540 non
1494 1493 1754 1557 accepisti?

243 1556 295 1602 Si
319 1564 466 1603 autem
491 1565 532 1604 et
555 1558 788 1622 accepisti,
812 1558 925 1623 quid
941 1559 1183 1624 gloriaris,
1207 1560 1344 1624 quasi
1365 1578 1457 1607 non
1480 1561 1710 1625 acceperis
1730 1562 1754 1607 ,9

245 1624 323 1670 Sic
360 1629 495 1671 enim
528 1625 810 1689 gloriantur
852 1631 995 1690 quasi
1038 1645 1138 1674 non
1173 1632 1480 1692 acceperint,
1515 1633 1601 1692 qui
1634 1646 1688 1676 se
1724 1646 1753 1675 a

245 1709 297 1738 se
323 1696 441 1755 ipsis
466 1694 725 1740 iustificari
749 1702 937 1757 putant
963 1712 1019 1742 ac
1043 1712 1136 1761 per
1158 1695 1253 1743 hoc
1277 1700 1329 1743 in
1353 1714 1406 1743 se
1431 1700 1550 1760 ipsis
1575 1714 1675 1745 non
1699 1700 1752 1743 in

245 1761 449 1807 domino
473 1761 770 1825 gloriantur.

193 1835 219 1872 4
309 1828 524 1892 Propter
565 1830 702 1893 quod
743 1846 839 1894 ego
879 1834 932 1876 in
971 1829 1066 1878 hac
1108 1831 1344 1894 epistula,
1385 1849 1517 1896 quae
1559 1833 1624 1880 ad
1664 1849 1751 1879 vos

242 1901 494 1958 pervenit,
525 1899 734 1960 probati
764 1915 856 1962 per
891 1902 1187 1946 testimonia
1218 1904 1580 1963 scripturarum
1611 1918 1751 1947 sanc-

242 1972 428 2021 tarum,
472 1982 603 2028 quae
645 1967 715 2013 ibi
757 1970 973 2029 potestis
1014 1970 1282 2031 inspicere,
1326 1975 1380 2015 et
1420 1969 1554 2016 bona
1595 1985 1751 2032 opera

242 2040 414 2079 nostra
445 2041 498 2080 et
524 2037 634 2097 pias
663 2038 918 2081 orationes
948 2042 1001 2082 et
1028 2043 1223 2082 rectam
1252 2037 1406 2083 fidem
1433 2036 1570 2084 nullo
1597 2037 1749 2084 modo

303 2222 320 2240 ‘³
358 2221 373 2256 1
403 2216 501 2258 Cor.
527 2219 682 2265 iii.f21;
719 2222 735 2258 1
764 2218 863 2259 Cor.
882 2220 1007 2266 i.31;
1039 2221 1065 2259 2
1090 2218 1189 2261 Cor.
1213 2234 1253 2261 x.
1281 2223 1344 2261 17.

303 2272 318 2296 ὓ
356 2276 369 2311 l
401 2272 499 2313 Cor.
525 2274 580 2313 iv.
605 2276 644 2313 7.
843 2283 847 2287 ’

303 2332 316 2349 ⁰
351 2326 480 2366 Rom.
506 2328 560 2367 ix.
584 2330 633 2367 21
660 2343 671 2373 ς
703 2329 729 2367 2
752 2327 865 2368 Tim.
890 2329 932 2368 ii.
955 2330 1025 2368 20.
1347 2329 1365 2353 ἆ
1402 2333 1418 2369 1
1446 2329 1545 2370 Cor.
1570 2331 1625 2370 iv.
1649 2333 1689 2371 7.

301 2385 315 2403 2
348 2380 440 2421 The
472 2395 545 2432 eyo
577 2383 610 2421 is
642 2382 863 2434 probably
893 2381 1107 2434 designed
1138 2387 1183 2423 to
1214 2382 1422 2424 discredit
1452 2397 1561 2424 once
1590 2386 1659 2425 sor
1688 2383 1748 2424 all

241 2434 315 2474 the
338 2438 595 2487 suggestion
620 2436 750 2476 made
772 2436 833 2488 by
856 2449 978 2477 some
999 2438 1050 2477 of
1069 2437 1141 2477 the
1163 2437 1326 2478 monks
1347 2439 1398 2478 of
1415 2438 1747 2480 Hadrumetum

244 2488 339 2529 that
360 2490 434 2529 the
456 2489 597 2531 monk
622 2490 778 2532 Florus
801 2491 889 2532 had
913 2493 1085 2532 written
1109 2494 1141 2532 it
1163 2492 1352 2534 himself.

243 2569 333 2613 408
