1866 2964
767 168 857 217 ST.
896 170 1303 217 AUGL'STINE

285 305 566 353 venientibus
590 322 700 369 ergo
726 302 853 351 vobis
877 303 923 350 in
951 321 1090 350 unum
1118 320 1209 349 non
1234 309 1302 349 est
1326 302 1604 350 dominicam
1629 319 1789 349 cenam

283 378 529 434 celebrare,
563 376 882 441 unusquisque
916 376 1035 422 enim
1065 374 1309 440 propriam
1345 393 1503 422 cenam
1530 375 1791 439 praesumit

283 452 330 498 in
365 450 689 497 manducando
722 456 764 496 et
797 449 921 496 alius
953 448 1136 513 quidem
1170 447 1330 503 esurit,
1364 447 1488 494 alius
1519 446 1673 494 ebrius
1706 454 1789 494 est.

285 522 530 588 Numquid
571 522 732 569 domos
768 538 859 568 non
900 520 1078 568 habetis
1120 520 1183 566 ad
1225 519 1598 566 manducandum
1640 526 1683 566 et
1727 518 1793 565 bi-

285 595 517 643 bendum?
555 612 614 641 an
643 594 880 641 ecclesiam
909 593 984 640 dei
1017 591 1341 640 contemnitis?
1407 591 1521 650 Quo
1556 595 1793 648 recitato,

282 668 577 732 diligentius
602 667 955 713 commendavi
979 683 1043 712 ne
1072 665 1289 712 honesta
1313 665 1522 728 quidem
1548 671 1602 710 et
1625 665 1794 711 sobria

283 743 511 787 convivia
535 741 725 787 debere
749 742 801 785 in
826 738 1036 785 ecclesia
1061 737 1326 793 celebrari,
1349 737 1553 800 quando
1583 737 1792 800 quidem

285 813 543 876 apostolus
560 829 662 859 non
682 813 870 859 dixerit
891 828 900 857 ε
941 811 967 826 “
990 811 1253 874 Numquid
1273 811 1448 857 domos
1469 827 1571 856 non
1590 808 1793 856 habetis

284 887 349 933 ad
373 885 699 932 inebriandos
724 883 865 940 vos,”
891 891 948 930 ut
976 886 1120 946 quasi
1144 890 1350 929 tantum
1375 883 1528 929 modo
1553 883 1794 928 inebriari

283 962 335 1004 in
359 957 570 1004 ecclesia
592 975 695 1004 non
714 956 912 1011 liceret,
933 956 1025 1003 sed
1047 955 1075 971 “
1100 955 1163 1001 ad
1184 954 1557 1002 manducandum
1578 960 1620 1000 et
1642 953 1795 1001 biben-

282 1029 446 1086 dum,’'
467 1030 605 1093 quod
623 1036 799 1092 potest
818 1028 1035 1075 honeste
1058 1029 1166 1075 fieri
1187 1028 1278 1075 sed
1296 1034 1505 1091 praeter
1526 1025 1792 1073 ecclesiam

285 1104 348 1150 ab
385 1106 456 1149 eis
491 1105 577 1165 qui
619 1103 796 1149 domos
833 1100 1029 1147 habent
1071 1102 1158 1148 ubi
1199 1100 1455 1146 alimentis
1496 1101 1794 1145 necessariis

282 1175 421 1222 refici
451 1178 664 1237 possint.
732 1174 802 1220 Et
834 1181 1012 1220 tamen
1045 1191 1135 1220 nos
1170 1174 1235 1220 ad
1267 1172 1358 1219 has
1392 1173 1655 1235 angustias
1687 1187 1794 1216 cor-

282 1255 550 1309 ruptorum
598 1254 891 1309 temporum
942 1252 997 1292 et
1043 1245 1384 1292 diffluentium
1430 1260 1631 1290 morum
1681 1258 1793 1288 esse

282 1319 576 1382 perductOS,
602 1321 680 1365 uti
706 1319 934 1365 nondum
962 1318 1199 1364 modesta
1225 1319 1455 1364 convivia
1481 1316 1572 1363 sed
1607 1314 1793 1362 saltem

282 1392 621 1438 domesticum
642 1407 860 1454 regnum
884 1391 1151 1437 ebrietatis
1173 1397 1428 1452 optemus.

234 1472 258 1509 6
347 1464 755 1510 Commemoravi
807 1465 964 1509 etiam
1013 1461 1265 1526 evangelii
1309 1459 1610 1524 capitulum,
1655 1459 1794 1522 quod

281 1537 444 1599 pridie
485 1543 846 1590 tractaveram,
881 1536 968 1581 ubi
1003 1535 1067 1582 de
1101 1532 1564 1597 pseudoprophetis
1597 1532 1792 1579 dictum

284 1616 396 1655 est:
451 1607 528 1653 Ea:
549 1606 794 1671 fructibus
828 1624 984 1654 eorum
1018 1606 1302 1671 cognoscetis
1334 1622 1427 1652 eos.
1501 1603 1705 1651 Deinde
1740 1607 1794 1649 in

281 1683 581 1727 memoriam
621 1683 853 1726 revocavi
893 1679 1089 1726 fructus
1127 1695 1188 1725 eo
1224 1678 1334 1725 loco
1370 1695 1473 1724 non
1509 1675 1794 1740 appellatos

283 1757 376 1799 nisi
414 1769 585 1815 opera.
653 1752 784 1798 Tum
821 1754 1048 1815 quaesivi
1078 1755 1215 1798 inter
1250 1768 1376 1814 quos
1407 1749 1602 1796 fructus
1633 1752 1793 1795 nomi-

282 1833 405 1871 nata
454 1831 591 1871 esset
635 1825 877 1879 ebrietas,
921 1831 974 1870 et
1015 1826 1227 1870 recitavi
1267 1822 1394 1869 illud
1436 1823 1503 1870 ad
1545 1820 1794 1871 Galatas:

284 1895 557 1961 Blanifesta
589 1904 739 1943 autem
773 1902 880 1943 sunt
910 1913 1052 1960 opera
1083 1894 1258 1951 carnis,
1291 1911 1412 1960 quae
1442 1900 1549 1942 sunt
1569 1891 1794 1957 fornica-

283 1969 447 2025 tiones,
467 1968 788 2024 inmunditiae,
814 1968 1045 2024 luxuriae,
1068 1967 1295 2014 idolorum
1320 1966 1534 2022 servitus,
1553 1965 1792 2030 veneficia,

282 2040 568 2097 inimicitiae,
596 2040 922 2096 contentiones,
953 2039 1302 2096 aemulationes,
1332 2038 1668 2095 animositates,
1697 2037 1794 2085 dis-

281 2113 536 2169 sensiones,
565 2114 797 2169 haereses,
826 2112 1048 2168 invidiae,
1078 2111 1335 2168 ebrietates,
1365 2110 1714 2159 comissationes
1751 2115 1794 2157 et

282 2186 355 2233 his
379 2185 554 2233 similia
574 2205 595 2239 ,·
633 2202 754 2250 quae
770 2184 994 2249 praedico
1018 2183 1162 2240 vobis,
1181 2184 1299 2231 sicut
1315 2183 1553 2248 praedixi,
1571 2182 1792 2248 quoniam

283 2257 364 2323 qui
385 2257 501 2304 talia
525 2264 687 2322 agunt,
708 2274 898 2322 regnum
922 2256 997 2303 a'ei
1019 2273 1109 2303 non
1126 2254 1443 2320 possidebunt.
1511 2255 1635 2302 Post
1658 2271 1791 2318 quae

816 2497 834 2515 ⁰
870 2495 885 2531 1
914 2490 1012 2532 Cor.
1036 2492 1093 2531 xi.
1115 2492 1261 2531 520-22.

466 2547 482 2571 ὁ
518 2547 649 2587 Matt.
672 2548 745 2587 vii.
774 2549 837 2587 16.
1235 2551 1250 2570 ⁰
1282 2543 1382 2586 Gal.
1405 2558 1445 2585 v.
1474 2547 1614 2586 19-21.
