1850 2964
717 216 808 263 ST.
847 215 1256 263 AUGUSTINE

230 356 428 396 temere
461 348 567 396 sola
597 347 782 404 fecisti,
813 347 976 395 multo
1009 346 1286 394 consultius
1319 346 1593 394 dilectione
1625 362 1742 395 con-

230 432 368 479 cordi
383 431 649 495 multoque
667 431 947 478 ordinatius
965 437 1019 477 et
1038 429 1301 477 honestius
1319 429 1469 476 ambo
1486 427 1743 485 faceretis,

230 531 325 561 nec
348 513 828 577 blasphemarentur
852 515 983 559 servi
1007 513 1107 568 dei,
1132 515 1172 558 si
1205 519 1383 559 tamen
1413 510 1509 558 hoc
1532 509 1744 557 fuerunt

231 600 318 660 qui
337 600 522 643 marito
545 597 759 643 absente
783 603 939 659 atque
962 598 1224 642 nesciente
1247 595 1311 641 ab
1331 596 1510 658 ignota
1529 592 1743 640 muliere

232 687 285 727 et
310 679 475 725 aliena
498 695 656 726 uxore
679 685 827 726 tanta
852 684 1198 741 sumpserunt,
1223 684 1276 723 et
1297 676 1596 723 laudaretur
1619 675 1745 723 deus

229 765 283 808 in
314 763 552 825 operibus
585 764 784 817 vestris,
817 777 1033 824 quorum
1067 767 1203 806 esset
1235 766 1345 806 tam
1377 758 1479 806 fida
1510 760 1746 814 societas,

231 852 290 892 ut
321 862 350 891 a
380 846 521 891 vobis
553 846 893 891 communiter
923 849 1191 889 teneretur
1221 859 1324 888 non
1354 840 1517 888 solum
1547 857 1747 888 summa

230 930 439 975 castitas
464 944 641 974 verum
667 929 824 973 etiam
847 924 1066 989 gloriosa
1089 930 1384 987 paupertas.

185 1017 210 1056 6
300 1010 448 1057 Nunc
496 1017 671 1056 autem
718 1008 1095 1055 inconsiderata
1140 1005 1473 1053 festinatione
1521 1005 1747 1052 adtende

234 1093 358 1157 quid
382 1091 579 1139 feceris.
652 1091 726 1138 Ut
753 1094 889 1137 enim
915 1091 979 1137 de
1004 1089 1099 1136 illis
1124 1087 1403 1144 monachis,
1429 1105 1459 1134 a
1483 1088 1666 1151 quibus
1692 1094 1747 1134 te

233 1179 342 1239 ipse
369 1193 471 1222 non
499 1174 822 1221 aedificatam
849 1173 940 1219 sed
966 1171 1236 1235 spoliatam
1264 1187 1374 1217 esse
1401 1173 1748 1233 conqueritur,

235 1275 330 1322 ego
374 1259 509 1305 bene
554 1259 775 1303 sentiam
819 1271 913 1301 nec
957 1253 1150 1300 homini
1193 1269 1317 1316 prae
1361 1256 1436 1298 ira
1479 1253 1746 1299 turbatum

232 1340 434 1388 oculum
476 1338 691 1386 habenti
732 1344 911 1384 contra
953 1337 1036 1383 dei
1078 1335 1295 1382 fortasse
1337 1333 1554 1381 famulos
1596 1333 1746 1381 facile

233 1426 568 1478 consentiam,
627 1420 877 1484 numquid
944 1425 1151 1466 tantum
1217 1418 1410 1464 bonum
1470 1423 1549 1464 est
1608 1416 1747 1480 quod

232 1522 519 1569 pauperum
563 1520 768 1550 carnem
811 1501 1111 1566 largioribus
1158 1499 1462 1564 elemosynis
1504 1497 1748 1555 refecisti,

235 1595 486 1652 quantum
505 1586 698 1633 malum
726 1592 803 1632 est
831 1584 968 1648 quod
987 1586 1078 1629 viri
1098 1585 1174 1629 tui
1193 1589 1424 1628 mentem
1445 1598 1473 1627 a
1489 1587 1597 1627 tam
1613 1581 1747 1628 bono

233 1673 494 1734 proposito
527 1668 811 1716 subruisti?
881 1667 964 1713 An
996 1668 1294 1728 cuiusquam
1326 1665 1421 1711 tibi
1452 1662 1749 1726 temporalis

235 1753 368 1800 salus
419 1755 579 1799 carior
629 1767 739 1798 esse
790 1750 1042 1797 debuerat
1092 1764 1246 1810 quam
1293 1745 1442 1794 huius
1493 1746 1747 1792 aeterna?

232 1836 415 1883 Nonne
461 1838 502 1882 si
548 1833 847 1897 ampliorem
891 1830 1289 1878 misericordiam
1348 1832 1578 1894 cogitans
1631 1828 1748 1875 ideo

233 1919 544 1983 pauperibus
562 1933 642 1963 res
662 1923 777 1963 tuas
799 1930 1009 1978 erogare
1030 1911 1274 1969 differres,
1293 1928 1358 1959 ne
1377 1910 1748 1958 scandalizatus

233 2004 446 2048 maritus
489 2007 607 2047 tuus
651 1999 747 2045 deo
788 2000 999 2061 periret,
1041 1996 1300 2042 uberiores
1342 1995 1437 2041 tibi
1478 1994 1603 2041 deus
1647 1992 1748 2039 ele-

233 2100 472 2148 mosynas
515 2081 822 2145 inputaret?
909 2078 1146 2134 Proinde,
1190 2080 1230 2124 si
1272 2075 1450 2123 recolis
1495 2075 1618 2140 quid
1661 2075 1747 2122 ad-

234 2169 529 2230 quisiveras,
573 2163 777 2228 quando
825 2161 1022 2208 lucrata
1068 2159 1238 2207 fueras
1281 2162 1443 2206 virum
1490 2165 1639 2205 tuum
1686 2164 1746 2205 ut

233 2256 406 2296 tecum
436 2246 637 2294 Christo
667 2248 918 2292 sanctiore
948 2246 1189 2290 castitate
1219 2244 1450 2297 serviret,
1480 2239 1744 2303 intellege,

231 2348 323 2394 per
356 2329 464 2376 illas
502 2328 820 2392 elemosynas
863 2333 980 2373 tuas
1028 2325 1210 2388 quibus
1246 2341 1330 2370 cor
1366 2326 1473 2370 eius
1510 2338 1743 2369 eversum

294 2552 311 2570 ⁰
344 2547 413 2587 Ps.
434 2547 490 2587 vi.
513 2549 551 2591 8,
574 2545 599 2560 ‘⁴
614 2544 818 2585 turbatus
838 2546 903 2583 est
922 2556 1028 2594 prae
1048 2542 1113 2582 ira
1132 2540 1284 2582 oculus
1305 2552 1429 2581 meus
1445 2539 1471 2556 ''
1491 2537 1706 2591 (Vulgate
1725 2553 1736 2577 ι

235 2602 261 2618 “
281 2601 485 2642 turbatus
505 2603 570 2641 est
588 2613 615 2640 a
633 2598 781 2639 furore
805 2629 814 2639 .
838 2628 848 2638 .
870 2597 932 2647 .'')

237 2672 330 2714 508
