1866 2964
729 206 820 254 ST.
859 208 1267 255 AUGUSTINE

239 338 415 401 quod“
430 346 748 385 mortuorum
764 337 1027 386 funeribus
1045 339 1196 402 plena
1208 343 1310 388 sint
1326 341 1475 388 litora
1491 341 1558 407 ''),
1570 359 1752 406 agnos-

238 424 352 453 cere
373 410 541 469 potius
564 414 617 453 et
638 415 906 470 acceptare
927 425 1083 471 quam
1104 409 1369 456 exsufflare
1388 417 1442 456 et
1460 411 1749 458 rescindere

241 474 441 531 maluit,
477 482 751 538 totumque
789 475 1016 522 dissolvit
1051 477 1188 539 quod
1220 476 1353 524 male
1382 477 1746 542 intellegentes

237 543 406 589 dicere
444 542 635 598 soletis,
675 546 794 606 quia
837 543 918 607 qui
962 543 1225 607 baptizatur
1262 562 1291 590 α
1327 552 1522 602 mortuo,
1559 545 1673 610 quid
1708 545 1750 592 ei

231 610 423 674 prodest
452 610 689 657 lavacrum
715 610 854 658 eius?
921 611 971 658 Si
999 629 1120 675 ergo
1146 629 1249 659 non
1274 613 1505 660 dicerent
1526 631 1537 660 ε
1587 613 1615 629 “
1638 613 1684 660 N
1689 630 1747 660 ec

235 695 387 724 causa
433 695 616 725 causae
664 695 760 725 nec
812 696 1029 742 persona
1075 696 1326 743 personae
1373 680 1746 744 praeiudicat,''

233 749 305 792 rei
348 753 652 793 tenerentur
692 749 744 792 in
781 763 934 793 causa
971 747 1212 794 Primiani
1232 764 1243 804 ;
1286 766 1402 795 cum
1439 756 1615 796 autem
1650 748 1747 796 hoc

233 814 492 870 dixerunt,
529 817 813 861 immunem
848 814 1084 862 fecerunt
1123 815 1390 863 ecclesiam
1426 816 1747 874 catholicam,

234 885 365 928 sicut
390 899 479 929 nos
506 883 888 939 adserebamus,
915 900 944 930 a
968 900 1121 930 causa
1146 884 1436 931 Caeciliani.

183 957 208 996 9
298 949 400 997 Sed
434 957 608 997 cetera
641 950 776 1015 lege,
811 958 986 998 cetera
1030 952 1244 999 discute.
1315 952 1444 1000 Vide
1486 959 1660 999 utrum
1693 955 1747 998 in

232 1021 399 1080 ipsum
442 1018 804 1074 Caecilianum,
847 1019 912 1066 de
954 1023 1094 1066 cuius
1136 1037 1355 1083 persona
1395 1021 1745 1083 praeiudicare

232 1087 550 1132 conabantur
576 1086 837 1142 ecclesiae,
864 1086 1055 1150 aliquid
1079 1088 1198 1134 mali
1222 1089 1439 1151 probare
1463 1091 1747 1151 potuerint.

233 1153 362 1201 Vide
394 1161 567 1201 utrum
597 1172 700 1201 non
728 1158 898 1217 potius
932 1159 1088 1202 etiam
1119 1173 1210 1218 pro
1242 1155 1326 1203 illo
1353 1155 1518 1203 multa
1546 1160 1748 1221 egerint

234 1229 287 1268 et
311 1221 538 1284 pluribus
563 1222 884 1279 lectionibus,
911 1240 1035 1286 quas
1061 1232 1238 1270 contra
1262 1241 1316 1271 se
1341 1224 1667 1287 protulerunt
1693 1231 1747 1271 et

231 1293 594 1346 recitaverunt,
617 1308 822 1337 causam
849 1294 955 1338 eius
980 1292 1169 1338 bonam
1190 1295 1394 1338 omnino
1416 1293 1744 1339 firmaverint.

233 1357 375 1421 Lege
414 1362 513 1405 ista
551 1358 631 1404 vel
669 1358 908 1422 legantur
945 1360 1055 1406 tibi.
1126 1359 1404 1407 Considera
1442 1364 1629 1416 omnia,
1667 1377 1746 1407 re-

232 1432 399 1472 tracta
452 1426 744 1489 diligenter,
800 1434 854 1473 et
909 1427 1040 1491 elige
1095 1428 1219 1491 quid
1271 1432 1517 1491 sequaris,
1570 1436 1744 1475 utrum

231 1495 494 1540 nobiscum
542 1498 594 1540 in
643 1494 828 1541 Christi
877 1511 1021 1557 pace,
1069 1498 1123 1541 in
1171 1495 1415 1543 ecclesiae
1463 1495 1744 1543 catholicae

231 1565 450 1618 unitate,
481 1565 534 1608 in
565 1561 793 1609 fraterna
818 1566 1033 1610 caritate
1059 1564 1304 1627 gaudere,
1331 1581 1398 1610 an
1427 1581 1518 1627 pro
1549 1563 1746 1611 nefaria

230 1629 560 1685 dissensione,
585 1647 675 1693 pro
702 1630 895 1677 Donati
924 1638 1090 1693 parte,
1115 1648 1205 1694 pro
1230 1631 1476 1696 sacrilega
1500 1632 1745 1679 divisione

229 1700 677 1760 importunitatem
717 1706 922 1745 nostrae
963 1702 1094 1746 circa
1133 1707 1186 1747 te
1227 1699 1512 1747 dilectionis
1553 1700 1744 1747 diutius

233 1769 500 1812 sustinere.

157 1839 206 1877 10
296 1834 551 1881 Adtendis
579 1837 715 1881 enim
750 1841 803 1881 et
833 1851 987 1897 saepe
1020 1838 1230 1898 repetis,
1256 1838 1386 1882 sicut
1412 1836 1580 1892 audio,
1606 1835 1744 1899 quod

230 1903 281 1947 in
306 1901 570 1966 evangelio
593 1905 839 1965 scriptum
863 1910 941 1950 est
966 1907 1232 1951 recessisse
1257 1920 1286 1950 a
1308 1904 1513 1951 domino
1536 1911 1742 1967 septua-

297 2048 315 2066 α
347 2043 441 2084 The
478 2049 684 2084 sentence
721 2045 756 2084 is
793 2046 925 2097 given
962 2046 1007 2085 in
1042 2044 1127 2085 full
1162 2047 1207 2085 in
1244 2045 1535 2098 Augustine's
1576 2044 1744 2086 Contra

244 2097 559 2146 Gaudentium,
584 2101 611 2139 i.
641 2102 710 2147 54,
734 2098 760 2114 ‘⁸
779 2100 1107 2151 Aegyptiorum
1138 2099 1384 2140 admodum
1413 2099 1617 2152 exemplo
1646 2112 1744 2152 per-

237 2154 441 2192 euntium
462 2153 696 2193 funeribus
718 2152 850 2204 plena
870 2158 974 2194 sunt
994 2154 1172 2201 litora,”
1193 2154 1267 2195 the
1289 2155 1513 2195 reference
1534 2155 1672 2207 being
1692 2158 1738 2194 to

239 2206 380 2246 Exod.
417 2209 503 2247 xiv.
545 2210 613 2254 31,
655 2207 783 2247 when
822 2208 896 2248 the
938 2208 1160 2249 Israelites
1200 2209 1226 2224 “
1242 2209 1451 2249 viderunt
1489 2209 1740 2261 Aegyptios

243 2265 440 2301 mortuos
468 2274 601 2313 super
628 2261 731 2302 litus
760 2262 941 2309 maris‚''
964 2263 1054 2303 and
1082 2263 1156 2303 the
1185 2263 1460 2315 implication
1488 2263 1624 2316 being
1642 2263 1742 2303 that

239 2314 313 2355 the
346 2316 576 2356 Donatists
609 2315 772 2356 behold
811 2317 886 2356 the
917 2317 1108 2358 catholic
1139 2331 1385 2358 successors
1415 2317 1466 2358 of
1499 2317 1739 2365 Caecilian,

241 2370 347 2409 with
368 2370 442 2410 the
459 2383 737 2422 appearance
755 2370 804 2411 of
821 2370 1044 2411 Christian
1065 2371 1140 2412 life
1162 2372 1243 2412 but
1262 2386 1289 2411 a
1310 2372 1399 2412 real
1420 2372 1608 2412 absence
1624 2371 1675 2412 of
1692 2374 1739 2419 it,

241 2423 517 2476 widespread
539 2427 582 2464 in
600 2425 769 2471 Africa,
792 2425 873 2465 but
890 2428 1012 2477 quite
1036 2426 1296 2467 ineffective.
1345 2426 1439 2468 The
1460 2427 1485 2442 ‘⁴
1501 2440 1656 2479 wrong
1674 2428 1740 2467 in-

238 2481 526 2530 terpretation
547 2479 573 2495 ’'
599 2480 732 2520 refers
756 2484 801 2520 to
825 2479 900 2520 the
924 2480 1132 2521 Donatist
1158 2483 1351 2533 practice
1374 2482 1425 2522 of
1443 2480 1671 2534 adducing
1694 2482 1740 2521 in

241 2538 428 2584 support
443 2535 494 2574 of
503 2533 617 2574 their
631 2534 930 2587 re-baptizing
944 2536 995 2575 of
1006 2534 1229 2576 Catholics
1241 2536 1316 2576 the
1327 2540 1419 2576 text
1433 2536 1551 2576 from
1565 2535 1739 2577 Ecclus.

234 2589 377 2629 xxxiv.
420 2590 491 2636 25,
532 2588 558 2604 ‘⁶
577 2590 655 2641 qui
701 2588 956 2641 baptizatur
1002 2603 1029 2630 a
1071 2594 1264 2638 mortuo,
1305 2594 1350 2631 et
1391 2592 1551 2631 iterum
1593 2591 1741 2641 tangit

239 2656 333 2704 298
