1866 2964
768 241 858 288 ST.
898 242 1306 289 AUGUSTINE

276 392 416 422 scere
462 392 564 422 non
608 378 884 438 permittit,
930 374 1092 422 donec
1138 391 1224 421 eos
1268 381 1442 422 tecum
1488 375 1692 422 audiam
1736 377 1789 420 in

276 468 547 527 pristinum
589 467 814 510 animum
853 467 1140 520 restitutos,
1180 465 1317 527 quod
1356 467 1457 511 cito
1496 463 1789 527 faciendum

277 561 371 601 est.
455 553 506 600 Si
544 557 679 600 enim
717 554 781 600 de
818 552 1023 600 homine
1060 571 1161 600 uno
1200 560 1405 600 tantum
1441 556 1634 617 sategit
1669 570 1789 615 apo-

277 643 435 690 stolus
461 644 634 690 dicens
655 660 665 689 2
725 642 801 689 Ne
824 642 999 690 maiore
1022 641 1211 690 tristitia
1240 641 1557 698 absorbeatur,
1581 641 1662 707 qui
1689 641 1789 688 eius

277 732 400 779 modi
429 739 512 788 est,
534 733 620 779 ubi
643 735 799 779 etiam
822 735 923 778 ait:
972 732 1034 779 Ut
1065 749 1156 779 non
1181 731 1511 796 possideamur
1542 749 1571 778 a
1600 738 1788 786 satana,

276 839 366 868 nonv
408 821 526 868 enim
570 821 842 885 ignoramus
884 828 1056 868 mentes
1095 820 1212 877 eius,
1254 828 1449 885 quanto
1490 823 1654 885 magis
1695 836 1786 867 nos

275 918 480 973 oportet
510 910 783 974 vigilanter
816 927 969 974 agere
1002 927 1068 957 ne
1098 909 1193 957 hoc
1225 913 1277 956 in
1313 917 1425 957 toto
1455 927 1614 974 grege
1643 909 1787 972 plan-

273 1017 454 1064 gamus
493 1007 546 1046 et
587 1003 811 1046 maxime
848 1002 900 1045 in
939 1002 1009 1046 eis
1052 1003 1139 1062 qui
1180 1017 1314 1046 nunc
1355 998 1636 1046 catholicae
1672 1002 1787 1061 paci

274 1096 598 1136 accesserunt
634 1096 687 1135 et
722 1106 847 1152 quos
882 1087 1019 1135 nullo
1053 1089 1205 1135 modo
1239 1088 1527 1152 relinquere
1561 1105 1784 1151 possum.

273 1177 375 1225 Sed
405 1181 525 1242 quia
554 1181 799 1240 temporis
831 1195 932 1224 non
967 1181 1082 1224 sivit
1119 1181 1356 1242 angustia
1387 1185 1446 1224 ut
1481 1177 1631 1224 simul
1664 1177 1784 1224 inde

271 1268 415 1314 nobis
445 1266 720 1330 diligenter
749 1266 1087 1314 deliberatam
1115 1266 1295 1314 liceret
1324 1266 1550 1330 eliquare
1579 1274 1786 1313 senten-

270 1360 415 1412 tiam,
454 1357 578 1420 quid
615 1355 739 1402 mihi
776 1363 893 1418 post
932 1356 1217 1420 digressum
1256 1363 1488 1403 nostrum
1526 1356 1612 1403 diu
1651 1358 1786 1420 cogi-

269 1449 404 1493 tanti
420 1445 689 1508 placuerit,
707 1448 923 1508 accipiat
941 1448 1186 1492 sanctitas
1205 1453 1295 1492 tua
1315 1453 1369 1492 et
1393 1449 1434 1492 si
1458 1446 1553 1492 tibi
1578 1461 1782 1509 quoque

269 1535 458 1598 placet,
494 1538 596 1581 iam
637 1534 844 1581 litterae
883 1552 1008 1598 quas
1047 1535 1111 1582 ad
1151 1552 1236 1581 eos
1273 1538 1530 1582 communi
1576 1538 1781 1581 nomine

270 1627 462 1686 scripsi,
486 1627 592 1670 sine
618 1623 862 1671 dilatione
886 1627 1178 1671 mittantur.

334 1714 523 1760 Dixisti
558 1721 614 1760 ut
640 1713 906 1760 dimidium
930 1712 1159 1760 habeant
1185 1720 1238 1760 et
1263 1712 1482 1760 alterum
1515 1714 1781 1761 dimidium

272 1806 343 1849 eis
392 1820 420 1848 a
461 1819 544 1849 me
587 1802 946 1866 undecumque
993 1803 1363 1865 provideretur.
1445 1803 1558 1866 Ego
1605 1809 1779 1849 autem

270 1900 397 1955 puto
427 1895 563 1955 quia,
590 1895 629 1938 51
653 1899 822 1938 totum
844 1895 914 1938 eis
941 1891 1247 1948 auferretur,
1267 1899 1404 1939 esset
1429 1892 1566 1955 quod
1589 1892 1781 1939 dicere-

270 1998 383 2027 mur
420 1998 521 2027 non
559 1981 623 2027 de
661 1984 877 2043 pecunia
915 1998 1006 2027 nos
1044 1981 1135 2028 sed
1172 1981 1236 2028 de
1273 1984 1470 2028 iustitia
1505 1988 1779 2045 tantopere

269 2069 541 2117 laborasse.
611 2070 738 2116 Cum
763 2087 882 2116 vero
906 2070 1171 2117 dimidium
1197 2073 1268 2116 615
1291 2071 1615 2117 concedimus
1639 2077 1693 2117 et
1717 2087 1778 2117 eo

270 2160 421 2206 modo
453 2176 567 2205 cum
602 2162 673 2205 615
705 2176 884 2221 pacem
918 2159 1226 2222 quandoque
1258 2162 1625 2222 componimus,
1655 2163 1779 2206 satis

273 2249 541 2311 apparebit
572 2255 798 2295 nostram
829 2265 1000 2294 curam
1021 2247 1144 2294 nihil
1177 2247 1314 2296 aliud
1350 2265 1503 2312 quam
1539 2251 1779 2311 pecunia-

270 2341 395 2383 riam
421 2336 576 2383 fuisse
603 2344 657 2384 et
681 2338 821 2384 vides
847 2354 978 2400 quae
1008 2340 1257 2400 pernicies
1281 2345 1639 2401 consequatur.
1706 2338 1777 2384 Et

268 2425 363 2472 illis
403 2429 537 2472 enim
576 2426 860 2473 videbimur
897 2426 1116 2473 alienam
1153 2443 1261 2473 rem
1299 2427 1561 2474 dimidiam
1597 2425 1775 2474 tulisse

382 2621 401 2639 ⁰
431 2618 457 2656 2
481 2615 580 2657 Cor.
606 2618 647 2656 ii.
672 2620 714 2658 7.
1299 2617 1315 2641 ὃ
1347 2620 1372 2658 2
1396 2617 1496 2658 Cor.
1521 2619 1563 2659 ii.
1592 2622 1655 2659 ll.

283 2680 375 2728 136
