1850 2964
749 165 839 212 ST.
878 165 1286 213 AUGUSTINE

263 298 594 345 considerasti
624 298 1014 344 ostendentibus
1048 298 1192 345 nobis
1223 304 1475 361 quantum
1502 298 1771 361 prodesset

263 366 449 413 Christi
485 365 706 412 ecclesiis
750 366 888 428 quod
931 366 1138 429 agebas,
1173 369 1214 413 si
1249 382 1311 412 ea
1343 365 1449 413 sola
1480 369 1770 413 intentione

262 451 458 498 ageres,
497 440 554 480 ut
593 432 835 480 defensae
880 434 944 480 ab
982 433 1396 481 infestationibus
1437 435 1769 481 barbarorum

260 502 461 567 quietam
517 509 559 548 et
614 502 916 566 tranquillam
972 501 1114 548 vitam
1171 509 1404 566 agerent,
1459 505 1591 549 sicut
1646 502 1770 550 dicit

261 570 536 633 apostolus,
571 569 617 616 in
652 569 775 616 omni
802 569 975 634 pietate
1008 577 1049 616 et
1082 570 1309 626 castitate,
1343 577 1402 616 tu
1437 577 1612 617 autem
1644 569 1769 618 nihil

260 655 323 685 ex
365 637 460 685 hoc
502 638 694 684 mundo
739 654 1011 701 quaereres
1054 641 1148 684 nisi
1195 654 1256 684 ea
1304 654 1437 701 quae
1482 641 1770 685 necessaria

259 714 431 753 essent
482 705 599 752 huic
650 709 787 751 vitae
840 707 1209 753 sustentandae
1261 713 1384 753 tuae
1436 723 1494 753 ac
1543 713 1768 762 tuorum,

258 778 512 822 accinctus
559 773 733 820 balteo
780 777 1092 820 castissimae
1139 777 1487 820 continentiae
1535 781 1589 821 et
1632 777 1769 821 inter

259 859 399 889 arma
436 842 712 905 corporalia
751 842 1059 906 spiritalibus
1098 845 1248 889 armis
1284 845 1446 889 tutius
1483 840 1768 906 fortiusque

255 914 497 957 munitus.

206 988 233 1025 4
323 979 451 1026 Cum
492 995 612 1042 ergo
650 985 704 1024 te
744 994 854 1024 esse
891 981 944 1023 in
980 976 1075 1024 hoc
1111 981 1371 1042 proposito
1408 978 1768 1042 gauderemus,

257 1050 511 1110 navigasti
546 1062 862 1109 uxoremque
899 1046 1104 1092 duxisti.
1175 1045 1278 1093 Sed
1311 1049 1579 1110 navigasse
1614 1047 1767 1093 oboe-

256 1116 482 1163 dientiae
526 1113 641 1170 fuit,
687 1131 841 1178 quam
884 1115 1165 1161 secundum
1209 1113 1496 1177 apostolum
1540 1114 1766 1161 debebas

256 1183 630 1230 sublimioribus
691 1183 1073 1245 potestatibus,
1153 1199 1366 1229 uxorem
1428 1189 1604 1229 autem
1664 1199 1767 1229 non

256 1252 503 1307 duxisses,
569 1253 664 1296 nisi
730 1258 1021 1313 susceptam
1088 1251 1329 1297 deserens
1395 1253 1766 1297 continentiam

255 1322 665 1382 concupiscentia
708 1322 870 1365 victus
917 1335 1066 1365 esses.
1139 1318 1290 1377 Quod
1333 1334 1430 1382 ego
1473 1335 1590 1365 cum
1632 1335 1766 1365 com-

254 1391 517 1451 perissem,
551 1385 735 1443 fateor,
770 1390 982 1433 miratus
1018 1387 1276 1449 obstipui3
1329 1386 1556 1434 dolorem
1590 1393 1766 1433 autem

253 1473 426 1502 meum
459 1472 522 1502 ex
556 1455 725 1518 aliqua
755 1462 903 1517 parte
934 1454 1308 1510 consolabatur,
1340 1455 1478 1518 quod
1508 1454 1679 1502 audivi
1709 1461 1764 1501 te

253 1524 391 1570 illam
411 1525 596 1570 ducere
616 1522 854 1579 noluisse,
873 1525 967 1569 nisi
986 1526 1124 1585 prius
1144 1522 1392 1569 catholica
1411 1521 1591 1569 fuisset
1610 1521 1763 1570 facta.

255 1593 324 1639 Et
370 1599 548 1638 tamen
597 1590 820 1637 haeresis
875 1607 1050 1637 eorum
1111 1594 1197 1654 qui
1249 1607 1425 1637 verum
1474 1590 1633 1637 filium
1681 1591 1765 1638 dei

253 1668 465 1724 negant,
497 1666 702 1706 tantum
733 1658 1019 1722 praevaluit
1049 1662 1103 1704 in
1133 1659 1284 1706 domo
1315 1666 1424 1715 tua,
1456 1666 1515 1706 ut
1547 1660 1613 1706 ab
1643 1661 1763 1722 ipsis

254 1728 354 1774 filia
380 1736 471 1775 tua
497 1729 862 1790 baptizaretur.
934 1727 1045 1773 Iam
1072 1743 1208 1783 vero,
1235 1730 1275 1773 si
1303 1728 1368 1774 ad
1393 1743 1483 1773 nos
1510 1744 1612 1774 non
1638 1726 1765 1774 falsa

252 1796 450 1860 perlata
486 1803 621 1851 sunt,
658 1811 789 1858 quae
825 1798 1023 1841 utinam
1058 1793 1186 1842 falsa
1219 1798 1338 1851 sint,
1373 1795 1511 1859 quod
1545 1796 1610 1842 ab
1642 1798 1763 1858 ipsis

251 1865 522 1911 haereticis
568 1867 725 1910 etiam
770 1862 980 1909 ancillae
1026 1863 1122 1910 deo
1167 1864 1368 1910 dicatae
1410 1864 1763 1926 rebaptizatae

253 1936 371 1989 sint,
393 1935 596 1996 quantis
617 1939 822 1978 tantum
846 1931 1038 1978 malum
1062 1930 1412 1996 plangendum
1439 1937 1517 1978 est
1536 1929 1763 1978 fontibus

314 2122 331 2141 α
363 2116 504 2156 These
532 2114 795 2155 barbarians
824 2128 937 2155 were
967 2118 1045 2154 not
1072 2114 1148 2155 the
1177 2114 1308 2155 Huns
1336 2127 1387 2155 or
1414 2113 1617 2155 Vandals
1644 2115 1763 2156 from

252 2171 327 2212 the
359 2171 505 2218 north,
538 2170 635 2218 but,
665 2183 713 2210 as
744 2173 785 2217 ἓξ
818 2172 890 2210 6-7
924 2169 1060 2217 shOW,
1094 2169 1169 2210 the
1204 2169 1357 2210 Moors
1385 2169 1502 2210 from
1531 2169 1606 2210 the
1637 2170 1765 2211 inner

253 2239 441 2267 recesses
464 2226 514 2265 of
532 2226 698 2265 Africa.

314 2281 328 2304 ²⁷
367 2284 383 2320 1
409 2279 522 2319 Tim.
547 2281 589 2319 ii.
613 2281 654 2320 2.

312 2341 326 2359 ⁶
359 2333 568 2375 Recalled
608 2338 653 2374 to
693 2332 811 2385 Italy
849 2333 964 2373 after
1002 2332 1044 2372 V
1047 2331 1329 2374 alentinian’s
1367 2334 1539 2386 victory
1576 2334 1622 2374 in
1659 2335 1759 2382 425,

256 2390 469 2431 Boniface
499 2401 588 2428 was
619 2387 845 2428 rewarded
875 2389 944 2428 for
973 2387 1041 2427 his
1069 2387 1241 2439 fidelity
1270 2392 1315 2428 to
1347 2387 1545 2428 Placidia
1572 2387 1663 2428 and
1693 2387 1761 2429 his

254 2446 490 2485 resistance
526 2448 572 2484 to
608 2443 683 2483 the
720 2455 907 2495 usurper
946 2441 1069 2482 John
1107 2441 1170 2494 by
1204 2442 1280 2483 the
1316 2446 1450 2495 grant
1487 2443 1539 2483 of
1570 2442 1646 2484 the
1683 2442 1762 2483 ad-

253 2500 551 2540 ministration
600 2499 650 2538 of
697 2497 852 2538 Africa
898 2496 988 2537 and
1036 2495 1297 2549 (probably)
1343 2496 1419 2538 the
1464 2496 1560 2538 title
1611 2495 1762 2538 Comes

254 2554 601 2594 domesticorum.
665 2551 810 2593 While
853 2553 898 2593 in
943 2550 1060 2604 Italy
1106 2551 1162 2592 he
1207 2550 1399 2592 married
1445 2551 1522 2593 the
1569 2550 1763 2605 wealthy

246 2625 340 2666 420
