1850 2964
726 180 817 229 ST.
855 180 1264 230 AUGUSTINE

243 317 385 365 deria
426 332 557 363 vana
593 313 896 362 trahebaris.
942 314 1054 361 Hoc
1087 312 1351 360 consilium
1389 313 1430 358 si
1478 312 1751 374 acceperis,

245 406 286 450 si
324 405 553 450 tenueris
592 408 749 464 atque
792 403 1088 456 servaveris,
1125 406 1178 446 et
1215 399 1281 446 ad
1320 399 1456 445 bona
1490 396 1576 443 illa
1611 403 1754 444 certa

244 491 511 552 pervenies
545 494 599 534 et
629 504 744 534 cum
782 485 947 533 salute
986 489 1186 532 animae
1217 491 1340 532 tuae
1375 487 1511 530 inter
1545 485 1646 530 ista
1678 484 1753 528 in-

243 581 385 621 certa
411 574 707 620 versaberis.

168 668 220 707 10
309 659 411 707 Sed
451 658 585 706 forte
627 662 817 706 iterum
860 661 1061 722 quaeris
1105 674 1135 703 a
1174 673 1278 713 me,
1320 672 1421 720 quo
1461 654 1615 702 modo
1654 656 1756 700 ista

245 745 400 792 facias
435 748 594 792 tantis
628 744 807 791 mundi
840 743 989 791 huius
1024 743 1416 790 necessitatibus
1449 740 1754 804 implicatus.

247 832 352 880 Ora
379 830 583 878 fortiter
613 838 667 878 et
696 831 775 878 dic
804 831 919 886 de0,
949 830 1086 893 quod
1120 828 1280 876 habes
1315 831 1368 874 in
1403 827 1598 891 psalmo
1623 843 1633 873 ε
1678 825 1757 873 De

245 916 593 965 necessitatibus
617 916 729 963 meis
752 933 858 963 erue
882 933 965 963 me.
1034 915 1176 962 Tunc
1200 918 1336 962 enim
1360 914 1605 961 finiuntur
1625 916 1756 959 istae

247 1007 601 1058 necessitates,
661 1003 865 1066 quando
925 1005 1197 1048 vincuntur
1254 1000 1372 1047 illae
1430 1000 1756 1063 cupiditates.

250 1090 350 1149 Qui
386 1089 649 1136 exaudivit
682 1095 737 1135 te
774 1096 827 1135 et
862 1105 953 1135 nos
987 1105 1079 1151 pro
1113 1094 1186 1144 te,
1221 1095 1280 1134 ut
1312 1086 1542 1134 libereris
1577 1086 1642 1134 de
1676 1092 1758 1132 tot

247 1179 510 1239 tantisque
547 1174 782 1238 periculis
819 1173 1091 1221 visibilium
1127 1173 1566 1237 corporaliumque
1602 1171 1760 1220 bello—

247 1279 378 1318 rum,
395 1263 483 1308 ubi
500 1261 605 1308 sola
620 1264 719 1308 ista
737 1264 841 1307 vita
858 1261 1166 1324 quandoque
1185 1259 1408 1307 finienda
1422 1258 1758 1323 periclitatur,

251 1351 419 1395 anima
451 1364 570 1394 vero
602 1364 705 1394 non
735 1350 888 1410 perit,
921 1349 961 1393 si
992 1364 1095 1393 non
1124 1345 1360 1410 malignis
1392 1345 1759 1408 cupiditatibus

250 1437 453 1497 captiva
486 1440 746 1489 teneatur,
780 1436 888 1495 ipse
923 1439 977 1478 te
1018 1432 1279 1488 exaudiet,
1313 1439 1373 1479 ut
1404 1434 1671 1478 interiores
1707 1438 1761 1479 et

248 1518 523 1566 invisibiles
542 1518 734 1575 hostes,
759 1519 812 1566 id
837 1525 916 1565 est
940 1522 1074 1581 ipsas
1094 1519 1421 1582 cupiditates,
1440 1517 1760 1566 invisibiliter

251 1613 305 1652 et
325 1605 620 1668 spiritaliter
639 1608 808 1652 vincas
829 1611 883 1651 et
903 1607 971 1651 sic
990 1608 1149 1651 utaris
1168 1603 1263 1651 hoc
1281 1605 1472 1652 mundo
1491 1611 1758 1668 tamquam

250 1707 353 1738 non
388 1697 557 1747 utens,
583 1698 642 1738 ut
679 1707 743 1737 ex
777 1691 923 1737 bonis
961 1693 1067 1737 eius
1103 1691 1238 1737 bona
1262 1689 1435 1747 facias,
1460 1708 1562 1738 non
1595 1689 1758 1737 malus

252 1776 360 1832 fias,
398 1779 517 1840 quia
555 1784 608 1823 et
644 1780 753 1840 ipsa
789 1777 924 1823 bona
961 1783 1081 1823 sunt
1116 1793 1211 1824 nec
1248 1777 1436 1824 dantur
1470 1775 1758 1824 hominibus

250 1865 346 1909 nisi
376 1863 440 1908 ab
474 1861 577 1918 illo,
608 1865 695 1925 qui
730 1861 890 1909 habet
926 1866 1153 1909 omnium
1189 1862 1487 1909 caelestium
1517 1869 1572 1910 et
1599 1869 1760 1910 terre-

251 1950 432 1994 strium
467 1954 800 2010 potestatem.
871 1947 973 1995 Sed
1002 1965 1066 1994 ne
1102 1955 1353 2012 putentur
1387 1947 1539 2004 mala,
1572 1948 1761 1995 dantur

253 2041 307 2081 et
351 2034 532 2089 bonis3
597 2050 662 2080 ne
708 2041 958 2096 putentur
1002 2051 1192 2098 magna
1237 2033 1319 2081 vel
1363 2051 1562 2081 summa
1605 2034 1759 2091 bona,

252 2120 439 2167 dantur
467 2126 521 2166 et
547 2119 691 2166 malis
718 2123 948 2184 itemque
978 2119 1279 2168 auferuntur
1304 2123 1404 2168 ista
1431 2127 1485 2168 et
1509 2121 1674 2177 bonis,
1700 2127 1759 2167 ut

251 2203 551 2269 probentur,
577 2213 631 2252 et
654 2205 818 2262 malis,
843 2213 901 2252 ut
925 2209 1228 2253 crucientur.

175 2300 223 2338 11
316 2291 441 2350 Quis
487 2294 622 2338 enim
666 2295 879 2349 nesciat,
924 2295 1035 2356 quis
1078 2295 1153 2339 ita
1195 2296 1262 2340 sit
1305 2292 1510 2350 stultus,
1553 2300 1612 2340 ut
1655 2309 1758 2340 non

252 2378 425 2425 videat
473 2378 610 2441 quod
646 2377 779 2424 salus
813 2377 961 2425 huius
995 2378 1222 2425 mortalis
1256 2382 1476 2442 corporis
1511 2386 1565 2426 et
1596 2395 1757 2426 mem·
1823 2436 1826 2438 v

431 2547 449 2565 ‘⁸
483 2541 553 2583 Ps.
576 2543 692 2583 xxiv.
720 2545 784 2583 17.
1194 2541 1210 2566 ⁶
1247 2546 1265 2584 1
1293 2542 1393 2584 Cor.
1415 2543 1488 2584 vii.
1511 2545 1581 2585 31.

250 2624 345 2664 432
