1866 2964
718 170 809 217 ST.
848 170 1256 218 AUGUSTINE

234 303 418 350 fierent
456 303 535 350 vel
575 311 760 366 coepta
799 304 1127 358 desisterent,
1165 306 1205 350 si
1243 306 1377 350 cives
1414 307 1742 367 maximeque

234 396 479 455 primates
507 410 565 439 ea
592 393 699 439 fieri
724 393 1002 455 perficique
1028 395 1328 439 vetuissent.

181 489 205 527 9
296 482 513 529 Proinde
544 486 596 528 in
628 485 861 528 universa
891 481 977 527 illa
1007 484 1216 528 civitate
1252 499 1355 528 non
1384 485 1745 535 innocentesa

233 572 535 618 nocentibus
554 572 645 618 sed
662 575 828 618 minus
846 578 1091 618 nocentes
1111 587 1140 617 a
1157 573 1536 618 nocentioribus
1553 574 1746 634 poteris

232 659 449 706 fortasse
476 661 780 707 discernere.
851 660 983 706 Nam
1009 663 1061 705 in
1086 676 1243 722 parvo
1278 668 1491 723 peccato
1524 660 1595 707 illi
1625 667 1746 708 sunt

236 752 323 812 qui
365 756 510 796 metu
548 751 782 796 deterriti
819 753 1166 812 maximeque,
1201 766 1265 796 ne
1304 749 1625 797 offenderent
1660 767 1745 797 eos

236 856 361 901 quos
394 842 446 884 in
478 839 562 885 illo
600 840 787 902 oppido
822 839 1097 902 plurimum
1137 855 1283 901 posse
1319 847 1373 886 et
1404 843 1632 886 inimicos
1667 856 1746 886 ec-

234 927 418 974 clesiae
441 936 708 984 noverant,
731 946 881 991 opem
903 928 1037 977 ferre
1062 948 1164 978 non
1187 933 1295 977 ausi
1317 936 1437 976 sunt
1460 944 1472 984 ;
1511 928 1747 976 scelerati

236 1024 412 1063 autem
442 1035 636 1073 omnes,
667 1019 850 1081 quibus
882 1023 979 1065 etsi
1009 1037 1110 1066 non
1139 1019 1446 1066 facientibus
1475 1035 1644 1082 neque
1673 1021 1748 1064 in-

236 1108 564 1153 mittentibus
604 1114 781 1153 tamen
821 1107 1109 1156 volentibus
1149 1112 1249 1155 ista
1287 1111 1555 1155 commissa
1592 1114 1747 1162 sunt;

236 1195 604 1252 sceleratioreS,
646 1200 732 1259 qui
774 1200 1173 1254 commiserunt3
1228 1196 1621 1253 sceleratissimi,
1662 1200 1749 1260 qui

225 1287 555 1331 immiserunt.
626 1285 727 1332 Sed
749 1286 812 1333 de
834 1289 1125 1334 inmissione
1148 1290 1486 1350 suspicionem
1506 1293 1748 1349 putemus

240 1391 368 1429 esse,
408 1391 510 1420 non
549 1378 841 1431 veritatem,
871 1392 965 1422 nec
1005 1393 1067 1422 ea
1103 1377 1452 1432 discutiamus,
1483 1374 1615 1439 qliae
1654 1378 1749 1422 nisi

239 1467 508 1510 tormentis
570 1481 744 1510 eorum
803 1482 895 1527 per
954 1483 1079 1528 quos
1139 1468 1481 1529 inquiruntur,
1536 1467 1749 1511 inveniri

237 1556 442 1599 omnino
478 1571 579 1599 non
616 1561 845 1616 possunt.
918 1555 1112 1601 Demus
1151 1558 1308 1601 etiam
1343 1557 1544 1601 veniam
1580 1557 1751 1601 timori

240 1659 432 1697 eorum,
466 1646 551 1705 qui
583 1647 752 1705 potius
785 1644 940 1690 deum
971 1661 1062 1706 pro
1100 1647 1336 1707 episcopo
1370 1651 1424 1690 et
1455 1647 1610 1690 servis
1643 1647 1750 1690 eius

240 1732 621 1793 deprecandum
688 1750 842 1796 quam
907 1740 1148 1796 potentes
1213 1737 1440 1780 inimicos
1507 1733 1751 1780 ecclesiae

240 1819 570 1867 offendendos
605 1838 714 1868 esse
745 1829 1074 1884 putaverunt.
1145 1822 1282 1881 Quid
1315 1839 1400 1869 eos
1425 1825 1511 1886 qui
1534 1829 1752 1878 restant,

241 1909 446 1956 nullane
463 1927 638 1957 censes
656 1910 918 1974 disciplina
935 1910 1276 1959 cohercendos
1295 1919 1348 1958 et
1363 1912 1752 1974 proponendum

242 2003 482 2045 aestimas
505 2002 797 2062 inpunitum
821 2007 928 2046 tam
952 2004 1186 2047 immanis
1210 1999 1391 2047 furoris
1417 2000 1709 2064 exemplum
1733 2001 1751 2047 ?

244 2088 356 2134 Non
406 2093 689 2151 praeterita
739 2090 1041 2137 vindicando
1090 2107 1299 2152 pascere
1349 2093 1475 2136 iram
1526 2097 1752 2136 nostram

242 2178 526 2234 studemus,
557 2179 648 2225 sed
677 2180 1072 2225 misericorditer
1101 2182 1152 2225 in
1183 2177 1413 2226 futurum
1444 2178 1753 2226 consulendo

243 2270 539 2331 satagimus,
610 2267 821 2315 Habent
857 2267 1087 2315 homines
1122 2268 1242 2314 mali
1280 2269 1365 2315 ubi
1396 2276 1450 2315 et
1485 2285 1577 2331 per
1613 2267 1754 2315 Chri-

244 2359 434 2403 stianos
472 2374 573 2402 non
616 2356 777 2403 solum
825 2365 1094 2404 mansuete
1137 2374 1312 2404 verum
1363 2361 1519 2404 etiam
1558 2357 1754 2404 utiliter

243 2445 616 2509 salubriterque
642 2446 935 2509 plectantur
958 2463 969 2502 ;
1007 2446 1201 2494 habent
1228 2450 1363 2493 enim
1389 2447 1525 2510 quod
1544 2463 1753 2510 corpore

243 2534 481 2581 incolumi
523 2538 717 2592 vivunt,
746 2535 942 2583 habent
972 2536 1107 2583 unde
1149 2539 1344 2593 vivunt,
1379 2534 1575 2583 habent
1616 2536 1753 2583 unde

262 2610 354 2660 166
