<?xml version="1.0" encoding="UTF-8"?>
<!DOCTYPE html PUBLIC "-//W3C//DTD XHTML 1.0 Transitional//EN"
    "http://www.w3.org/TR/xhtml1/DTD/xhtml1-transitional.dtd">
<html xmlns="http://www.w3.org/1999/xhtml" xml:lang="en" lang="en">
 <head>
  <title>
</title>
<meta http-equiv="Content-Type" content="text/html;charset=utf-8" />
  <meta name='ocr-system' content='tesseract 3.04.00' />
  <meta name='ocr-capabilities' content='ocr_page ocr_carea ocr_par ocr_line ocrx_word'/>
</head>
<body>
  <div class='ocr_page' id='page_1' title='image "./selectletters00auguuoft_0102.png"; bbox 0 0 1866 2964; ppageno 0'>
   <div class='ocr_carea' id='block_1_1' title="bbox 772 145 1309 194">
    <p class='ocr_par' dir='ltr' id='par_1_1' title="bbox 772 145 1309 194">
     <span class='ocr_line' id='line_1_1' title="bbox 772 145 1309 194; baseline 0.004 -2"><span class='ocrx_word' id='word_1_1' title='bbox 772 145 862 192; x_wconf 89' lang='lat' dir='ltr'><em>ST.</em></span> <span class='ocrx_word' id='word_1_2' title='bbox 901 146 1309 194; x_wconf 90' lang='lat' dir='ltr'>AUGUSTINE</span> 
     </span>
    </p>
   </div>
   <div class='ocr_carea' id='block_1_2' title="bbox 233 275 1795 1773">
    <p class='ocr_par' dir='ltr' id='par_1_2' title="bbox 233 275 1795 1773">
     <span class='ocr_line' id='line_1_2' title="bbox 283 275 1795 331; baseline 0.004 -9"><span class='ocrx_word' id='word_1_3' title='bbox 283 275 331 322; x_wconf 81' lang='lat' dir='ltr'><em>in</em></span> <span class='ocrx_word' id='word_1_4' title='bbox 365 277 647 324; x_wconf 73' lang='lat' dir='ltr'><em>contentione</em></span> <span class='ocrx_word' id='word_1_5' title='bbox 680 285 723 324; x_wconf 78' lang='lat' dir='ltr'><em>et</em></span> <span class='ocrx_word' id='word_1_6' title='bbox 754 278 890 331; x_wconf 63' lang='lat' dir='ltr'><em>celo,·</em></span> <span class='ocrx_word' id='word_1_7' title='bbox 937 279 1020 325; x_wconf 76' lang='lat' dir='ltr'><em>sed</em></span> <span class='ocrx_word' id='word_1_8' title='bbox 1050 279 1226 326; x_wconf 80' lang='lat' dir='ltr'><em>induite</em></span> <span class='ocrx_word' id='word_1_9' title='bbox 1258 297 1339 327; x_wconf 81' lang='lat' dir='ltr'><em>vos</em></span> <span class='ocrx_word' id='word_1_10' title='bbox 1370 279 1605 327; x_wconf 82' lang='lat' dir='ltr'><em>dominum</em></span> <span class='ocrx_word' id='word_1_11' title='bbox 1637 279 1795 328; x_wconf 80' lang='lat' dir='ltr'><em>Iesu-m</em></span> 
     </span>
     <span class='ocr_line' id='line_1_3' title="bbox 287 344 1750 413; baseline 0.003 -22"><span class='ocrx_word' id='word_1_12' title='bbox 287 344 519 392; x_wconf 78' lang='lat' dir='ltr'><em>Christum</em></span> <span class='ocrx_word' id='word_1_13' title='bbox 546 353 588 392; x_wconf 81' lang='lat' dir='ltr'><em>et</em></span> <span class='ocrx_word' id='word_1_14' title='bbox 610 346 768 393; x_wconf 75' lang='lat' dir='ltr'><em>carnis</em></span> <span class='ocrx_word' id='word_1_15' title='bbox 790 364 949 393; x_wconf 78' lang='lat' dir='ltr'><em>curam.</em></span> <span class='ocrx_word' id='word_1_16' title='bbox 974 365 1030 393; x_wconf 79' lang='lat' dir='ltr'><em>ne</em></span> <span class='ocrx_word' id='word_1_17' title='bbox 1039 345 1260 410; x_wconf 80' lang='lat' dir='ltr'><em>feceritis</em></span> <span class='ocrx_word' id='word_1_18' title='bbox 1282 348 1331 394; x_wconf 81' lang='lat' dir='ltr'><em>in</em></span> <span class='ocrx_word' id='word_1_19' title='bbox 1353 348 1750 413; x_wconf 78' lang='lat' dir='ltr'><em>concupiscentiis.</em></span> 
     </span>
     <span class='ocr_line' id='line_1_4' title="bbox 233 413 1794 481; baseline 0.003 -22"><span class='ocrx_word' id='word_1_20' title='bbox 233 420 257 459; x_wconf 92' lang='lat'><strong>3</strong></span> <span class='ocrx_word' id='word_1_21' title='bbox 347 413 544 459; x_wconf 87' lang='lat' dir='ltr'><em>Horum</em></span> <span class='ocrx_word' id='word_1_22' title='bbox 573 431 694 478; x_wconf 82' lang='lat' dir='ltr'><em>ergo</em></span> <span class='ocrx_word' id='word_1_23' title='bbox 720 418 875 461; x_wconf 90' lang='lat' dir='ltr'><em>trium</em></span> <span class='ocrx_word' id='word_1_24' title='bbox 903 415 1088 462; x_wconf 88' lang='lat' dir='ltr'><em>cubilia</em></span> <span class='ocrx_word' id='word_1_25' title='bbox 1115 423 1168 463; x_wconf 87' lang='lat' dir='ltr'><em>et</em></span> <span class='ocrx_word' id='word_1_26' title='bbox 1193 417 1525 479; x_wconf 78' lang='lat' dir='ltr'><em>inpudicitiae</em></span> <span class='ocrx_word' id='word_1_27' title='bbox 1551 421 1626 464; x_wconf 89' lang='lat' dir='ltr'><em>ita</em></span> <span class='ocrx_word' id='word_1_28' title='bbox 1650 434 1794 481; x_wconf 84' lang='lat' dir='ltr'><em>mag-</em></span> 
     </span>
     <span class='ocr_line' id='line_1_5' title="bbox 282 485 1791 548; baseline 0.005 -23"><span class='ocrx_word' id='word_1_29' title='bbox 282 497 403 526; x_wconf 91' lang='lat' dir='ltr'><em>num</em></span> <span class='ocrx_word' id='word_1_30' title='bbox 449 485 641 528; x_wconf 86' lang='lat' dir='ltr'><em>crimen</em></span> <span class='ocrx_word' id='word_1_31' title='bbox 686 490 917 545; x_wconf 89' lang='lat' dir='ltr'><em>putatur,</em></span> <span class='ocrx_word' id='word_1_32' title='bbox 963 491 1022 530; x_wconf 88' lang='lat' dir='ltr'><em>ut</em></span> <span class='ocrx_word' id='word_1_33' title='bbox 1067 501 1218 531; x_wconf 90' lang='lat' dir='ltr'><em>nemo</em></span> <span class='ocrx_word' id='word_1_34' title='bbox 1263 486 1447 548; x_wconf 85' lang='lat' dir='ltr'><em>dignus</em></span> <span class='ocrx_word' id='word_1_35' title='bbox 1492 502 1595 532; x_wconf 91' lang='lat' dir='ltr'><em>non</em></span> <span class='ocrx_word' id='word_1_36' title='bbox 1638 486 1791 532; x_wconf 91' lang='lat' dir='ltr'><em>modo</em></span> 
     </span>
     <span class='ocr_line' id='line_1_6' title="bbox 283 549 1792 615; baseline 0.004 -21"><span class='ocrx_word' id='word_1_37' title='bbox 283 549 624 596; x_wconf 88' lang='lat' dir='ltr'><em>ecclesiastico</em></span> <span class='ocrx_word' id='word_1_38' title='bbox 669 554 969 607; x_wconf 84' lang='lat' dir='ltr'><em>ministerio,</em></span> <span class='ocrx_word' id='word_1_39' title='bbox 1014 553 1105 598; x_wconf 90' lang='lat' dir='ltr'><em>sed</em></span> <span class='ocrx_word' id='word_1_40' title='bbox 1149 556 1258 615; x_wconf 92' lang='lat' dir='ltr'><em>ipsa</em></span> <span class='ocrx_word' id='word_1_41' title='bbox 1303 556 1461 600; x_wconf 86' lang='lat' dir='ltr'><em>etiam</em></span> <span class='ocrx_word' id='word_1_42' title='bbox 1506 570 1792 600; x_wconf 87' lang='lat' dir='ltr'><em>sacramen-</em></span> 
     </span>
     <span class='ocr_line' id='line_1_7' title="bbox 280 620 1790 684; baseline 0.004 -22"><span class='ocrx_word' id='word_1_43' title='bbox 280 624 450 663; x_wconf 88' lang='lat' dir='ltr'><em>torum</em></span> <span class='ocrx_word' id='word_1_44' title='bbox 497 623 853 665; x_wconf 75' lang='lat' dir='ltr'><em>communione</em></span> <span class='ocrx_word' id='word_1_45' title='bbox 900 620 1152 676; x_wconf 73' lang='lat' dir='ltr'><em>videatur,</em></span> <span class='ocrx_word' id='word_1_46' title='bbox 1200 623 1286 684; x_wconf 88' lang='lat' dir='ltr'><em>qui</em></span> <span class='ocrx_word' id='word_1_47' title='bbox 1333 638 1387 667; x_wconf 88' lang='lat' dir='ltr'><em>se</em></span> <span class='ocrx_word' id='word_1_48' title='bbox 1432 624 1531 667; x_wconf 87' lang='lat' dir='ltr'><em>isto</em></span> <span class='ocrx_word' id='word_1_49' title='bbox 1576 628 1790 684; x_wconf 86' lang='lat' dir='ltr'><em>peccato</em></span> 
     </span>
     <span class='ocr_line' id='line_1_8' title="bbox 279 685 1785 752; baseline 0.005 -23"><span class='ocrx_word' id='word_1_50' title='bbox 279 685 627 732; x_wconf 72' lang='lat' dir='ltr'><em>maculaverit.</em></span> <span class='ocrx_word' id='word_1_51' title='bbox 697 687 766 733; x_wconf 89' lang='lat' dir='ltr'><em>Et</em></span> <span class='ocrx_word' id='word_1_52' title='bbox 797 695 937 734; x_wconf 88' lang='lat' dir='ltr'><em>recte</em></span> <span class='ocrx_word' id='word_1_53' title='bbox 969 692 1190 734; x_wconf 90' lang='lat' dir='ltr'><em>omnino.</em></span> <span class='ocrx_word' id='word_1_54' title='bbox 1260 688 1361 736; x_wconf 89' lang='lat' dir='ltr'><em>Sed</em></span> <span class='ocrx_word' id='word_1_55' title='bbox 1392 706 1549 752; x_wconf 88' lang='lat' dir='ltr'><em>quare</em></span> <span class='ocrx_word' id='word_1_56' title='bbox 1581 689 1785 736; x_wconf 85' lang='lat' dir='ltr'><em>solum?</em></span> 
     </span>
     <span class='ocr_line' id='line_1_9' title="bbox 280 752 1790 805; baseline 0.004 -7"><span class='ocrx_word' id='word_1_57' title='bbox 280 752 675 800; x_wconf 72' lang='lat' dir='ltr'><em>Comissationes</em></span> <span class='ocrx_word' id='word_1_58' title='bbox 716 758 851 801; x_wconf 89' lang='lat' dir='ltr'><em>enim</em></span> <span class='ocrx_word' id='word_1_59' title='bbox 895 763 947 802; x_wconf 90' lang='lat' dir='ltr'><em>et</em></span> <span class='ocrx_word' id='word_1_60' title='bbox 991 757 1270 803; x_wconf 78' lang='lat' dir='ltr'><em>ebrietates</em></span> <span class='ocrx_word' id='word_1_61' title='bbox 1311 760 1385 803; x_wconf 89' lang='lat' dir='ltr'><em>ita</em></span> <span class='ocrx_word' id='word_1_62' title='bbox 1426 774 1695 804; x_wconf 87' lang='lat' dir='ltr'><em>concessae</em></span> <span class='ocrx_word' id='word_1_63' title='bbox 1736 765 1790 805; x_wconf 88' lang='lat' dir='ltr'><em>et</em></span> 
     </span>
     <span class='ocr_line' id='line_1_10' title="bbox 279 820 1785 884; baseline 0.004 -18"><span class='ocrx_word' id='word_1_64' title='bbox 279 820 448 867; x_wconf 87' lang='lat' dir='ltr'><em>licitae</em></span> <span class='ocrx_word' id='word_1_65' title='bbox 482 830 750 884; x_wconf 86' lang='lat' dir='ltr'><em>putantur,</em></span> <span class='ocrx_word' id='word_1_66' title='bbox 785 830 843 870; x_wconf 91' lang='lat' dir='ltr'><em>ut</em></span> <span class='ocrx_word' id='word_1_67' title='bbox 875 827 928 869; x_wconf 92' lang='lat' dir='ltr'><em>in</em></span> <span class='ocrx_word' id='word_1_68' title='bbox 962 823 1152 870; x_wconf 90' lang='lat' dir='ltr'><em>honore</em></span> <span class='ocrx_word' id='word_1_69' title='bbox 1188 828 1345 871; x_wconf 88' lang='lat' dir='ltr'><em>etiam</em></span> <span class='ocrx_word' id='word_1_70' title='bbox 1378 826 1785 872; x_wconf 84' lang='lat' dir='ltr'><em>beatissimorum</em></span> 
     </span>
     <span class='ocr_line' id='line_1_11' title="bbox 276 890 1786 956; baseline 0.004 -22"><span class='ocrx_word' id='word_1_71' title='bbox 276 897 561 954; x_wconf 79' lang='lat' dir='ltr'><em>martyrum</em></span> <span class='ocrx_word' id='word_1_72' title='bbox 586 909 688 937; x_wconf 90' lang='lat' dir='ltr'><em>non</em></span> <span class='ocrx_word' id='word_1_73' title='bbox 712 890 874 937; x_wconf 88' lang='lat' dir='ltr'><em>solum</em></span> <span class='ocrx_word' id='word_1_74' title='bbox 898 909 990 954; x_wconf 90' lang='lat' dir='ltr'><em>per</em></span> <span class='ocrx_word' id='word_1_75' title='bbox 1015 893 1122 939; x_wconf 91' lang='lat' dir='ltr'><em>dies</em></span> <span class='ocrx_word' id='word_1_76' title='bbox 1147 892 1435 949; x_wconf 83' lang='lat' dir='ltr'><em>sollemnes,</em></span> <span class='ocrx_word' id='word_1_77' title='bbox 1460 894 1598 956; x_wconf 91' lang='lat' dir='ltr'><em>quod</em></span> <span class='ocrx_word' id='word_1_78' title='bbox 1619 897 1786 956; x_wconf 92' lang='lat' dir='ltr'><em>ipsum</em></span> 
     </span>
     <span class='ocr_line' id='line_1_12' title="bbox 277 958 1786 1024; baseline 0.003 -21"><span class='ocrx_word' id='word_1_79' title='bbox 277 961 388 1020; x_wconf 88' lang='lat' dir='ltr'><em>quis</em></span> <span class='ocrx_word' id='word_1_80' title='bbox 433 976 535 1004; x_wconf 93' lang='lat' dir='ltr'><em>non</em></span> <span class='ocrx_word' id='word_1_81' title='bbox 579 958 861 1022; x_wconf 85' lang='lat' dir='ltr'><em>lugendum</em></span> <span class='ocrx_word' id='word_1_82' title='bbox 906 961 1097 1016; x_wconf 85' lang='lat' dir='ltr'><em>videat,</em></span> <span class='ocrx_word' id='word_1_83' title='bbox 1143 964 1230 1024; x_wconf 91' lang='lat' dir='ltr'><em>qui</em></span> <span class='ocrx_word' id='word_1_84' title='bbox 1273 960 1401 1007; x_wconf 88' lang='lat' dir='ltr'><em>haec</em></span> <span class='ocrx_word' id='word_1_85' title='bbox 1445 979 1548 1008; x_wconf 91' lang='lat' dir='ltr'><em>non</em></span> <span class='ocrx_word' id='word_1_86' title='bbox 1591 965 1786 1008; x_wconf 86' lang='lat' dir='ltr'><em>carneis</em></span> 
     </span>
     <span class='ocr_line' id='line_1_13' title="bbox 275 1025 1786 1089; baseline 0.004 -19"><span class='ocrx_word' id='word_1_87' title='bbox 275 1025 430 1072; x_wconf 86' lang='lat' dir='ltr'><em>oculis</em></span> <span class='ocrx_word' id='word_1_88' title='bbox 454 1030 675 1089; x_wconf 81' lang='lat' dir='ltr'><em>inspicit,</em></span> <span class='ocrx_word' id='word_1_89' title='bbox 700 1028 791 1074; x_wconf 91' lang='lat' dir='ltr'><em>sed</em></span> <span class='ocrx_word' id='word_1_90' title='bbox 816 1031 973 1074; x_wconf 90' lang='lat' dir='ltr'><em>etiam</em></span> <span class='ocrx_word' id='word_1_91' title='bbox 996 1029 1183 1075; x_wconf 88' lang='lat' dir='ltr'><em>cotidie</em></span> <span class='ocrx_word' id='word_1_92' title='bbox 1208 1028 1548 1076; x_wconf 87' lang='lat' dir='ltr'><em>celebrentur.</em></span> <span class='ocrx_word' id='word_1_93' title='bbox 1617 1029 1786 1088; x_wconf 86' lang='lat' dir='ltr'><em>Quam</em></span> 
     </span>
     <span class='ocr_line' id='line_1_14' title="bbox 273 1092 1787 1162; baseline 0.004 -24"><span class='ocrx_word' id='word_1_94' title='bbox 273 1092 598 1150; x_wconf 86' lang='lat' dir='ltr'><em>foeditatem,</em></span> <span class='ocrx_word' id='word_1_95' title='bbox 617 1099 656 1141; x_wconf 89' lang='lat' dir='ltr'><em>si</em></span> <span class='ocrx_word' id='word_1_96' title='bbox 676 1103 880 1142; x_wconf 89' lang='lat' dir='ltr'><em>tantum</em></span> <span class='ocrx_word' id='word_1_97' title='bbox 899 1096 1151 1159; x_wconf 75' lang='lat' dir='ltr'><em>flagitiosa</em></span> <span class='ocrx_word' id='word_1_98' title='bbox 1172 1104 1224 1143; x_wconf 88' lang='lat' dir='ltr'><em>et</em></span> <span class='ocrx_word' id='word_1_99' title='bbox 1243 1115 1345 1144; x_wconf 89' lang='lat' dir='ltr'><em>non</em></span> <span class='ocrx_word' id='word_1_100' title='bbox 1365 1101 1522 1144; x_wconf 90' lang='lat' dir='ltr'><em>etiarn</em></span> <span class='ocrx_word' id='word_1_101' title='bbox 1540 1097 1787 1162; x_wconf 84' lang='lat' dir='ltr'><em>sacrilega</em></span> 
     </span>
     <span class='ocr_line' id='line_1_15' title="bbox 275 1164 1787 1227; baseline 0.003 -20"><span class='ocrx_word' id='word_1_102' title='bbox 275 1169 429 1218; x_wconf 88' lang='lat' dir='ltr'><em>esset,</em></span> <span class='ocrx_word' id='word_1_103' title='bbox 471 1164 876 1227; x_wconf 86' lang='lat' dir='ltr'><em>quibuscumque</em></span> <span class='ocrx_word' id='word_1_104' title='bbox 918 1164 1224 1212; x_wconf 89' lang='lat' dir='ltr'><em>tolerantiae</em></span> <span class='ocrx_word' id='word_1_105' title='bbox 1265 1167 1453 1212; x_wconf 77' lang='lat' dir='ltr'><em>viribus</em></span> <span class='ocrx_word' id='word_1_106' title='bbox 1495 1173 1787 1212; x_wconf 86' lang='lat' dir='ltr'><em>sustentan-</em></span> 
     </span>
     <span class='ocr_line' id='line_1_16' title="bbox 274 1230 1785 1297; baseline 0.003 -22"><span class='ocrx_word' id='word_1_107' title='bbox 274 1230 391 1276; x_wconf 86' lang='lat' dir='ltr'><em>dam</em></span> <span class='ocrx_word' id='word_1_108' title='bbox 438 1238 755 1292; x_wconf 86' lang='lat' dir='ltr'><em>putaremus.</em></span> <span class='ocrx_word' id='word_1_109' title='bbox 824 1232 1150 1296; x_wconf 77' lang='lat' dir='ltr'><em>Quamquam</em></span> <span class='ocrx_word' id='word_1_110' title='bbox 1198 1234 1285 1280; x_wconf 93' lang='lat' dir='ltr'><em>ubi</em></span> <span class='ocrx_word' id='word_1_111' title='bbox 1333 1241 1412 1280; x_wconf 89' lang='lat' dir='ltr'><em>est</em></span> <span class='ocrx_word' id='word_1_112' title='bbox 1457 1233 1600 1289; x_wconf 90' lang='lat' dir='ltr'><em>illud,</em></span> <span class='ocrx_word' id='word_1_113' title='bbox 1647 1235 1785 1297; x_wconf 90' lang='lat' dir='ltr'><em>quod</em></span> 
     </span>
     <span class='ocr_line' id='line_1_17' title="bbox 272 1299 1785 1364; baseline 0.003 -21"><span class='ocrx_word' id='word_1_114' title='bbox 272 1315 387 1344; x_wconf 90' lang='lat' dir='ltr'><em>cum</em></span> <span class='ocrx_word' id='word_1_115' title='bbox 422 1299 585 1345; x_wconf 89' lang='lat' dir='ltr'><em>multa</em></span> <span class='ocrx_word' id='word_1_116' title='bbox 621 1303 743 1346; x_wconf 75' lang='lat' dir='ltr'><em>vitia</em></span> <span class='ocrx_word' id='word_1_117' title='bbox 781 1308 1131 1347; x_wconf 87' lang='lat' dir='ltr'><em>enumerasset</em></span> <span class='ocrx_word' id='word_1_118' title='bbox 1166 1302 1303 1348; x_wconf 89' lang='lat' dir='ltr'><em>idem</em></span> <span class='ocrx_word' id='word_1_119' title='bbox 1339 1301 1616 1364; x_wconf 85' lang='lat' dir='ltr'><em>apostolus,</em></span> <span class='ocrx_word' id='word_1_120' title='bbox 1649 1306 1785 1348; x_wconf 87' lang='lat' dir='ltr'><em>inter</em></span> 
     </span>
     <span class='ocr_line' id='line_1_18' title="bbox 273 1368 1784 1429; baseline 0.003 -17"><span class='ocrx_word' id='word_1_121' title='bbox 273 1383 404 1428; x_wconf 87' lang='lat' dir='ltr'><em>quae</em></span> <span class='ocrx_word' id='word_1_122' title='bbox 438 1371 609 1429; x_wconf 85' lang='lat' dir='ltr'><em>posuit</em></span> <span class='ocrx_word' id='word_1_123' title='bbox 642 1369 882 1424; x_wconf 88' lang='lat' dir='ltr'><em>ebriosos,</em></span> <span class='ocrx_word' id='word_1_124' title='bbox 914 1372 986 1415; x_wconf 83' lang='lat' dir='ltr'><em>ita</em></span> <span class='ocrx_word' id='word_1_125' title='bbox 1019 1368 1282 1425; x_wconf 86' lang='lat' dir='ltr'><em>conclusit,</em></span> <span class='ocrx_word' id='word_1_126' title='bbox 1314 1377 1373 1416; x_wconf 90' lang='lat' dir='ltr'><em>ut</em></span> <span class='ocrx_word' id='word_1_127' title='bbox 1405 1371 1633 1417; x_wconf 89' lang='lat' dir='ltr'><em>diceret:</em></span> <span class='ocrx_word' id='word_1_128' title='bbox 1682 1387 1784 1417; x_wconf 83' lang='lat' dir='ltr'><em>cum</em></span> 
     </span>
     <span class='ocr_line' id='line_1_19' title="bbox 272 1433 1784 1499; baseline 0.003 -20"><span class='ocrx_word' id='word_1_129' title='bbox 272 1433 443 1481; x_wconf 79' lang='lat' dir='ltr'><em>talibus</em></span> <span class='ocrx_word' id='word_1_130' title='bbox 475 1453 556 1481; x_wconf 74' lang='lat' dir='ltr'><em>nec</em></span> <span class='ocrx_word' id='word_1_131' title='bbox 582 1453 753 1499; x_wconf 82' lang='lat' dir='ltr'><em>panem</em></span> <span class='ocrx_word' id='word_1_132' title='bbox 786 1436 957 1483; x_wconf 80' lang='lat' dir='ltr'><em>edere?</em></span> <span class='ocrx_word' id='word_1_133' title='bbox 1027 1437 1129 1484; x_wconf 91' lang='lat' dir='ltr'><em>Sed</em></span> <span class='ocrx_word' id='word_1_134' title='bbox 1160 1436 1383 1484; x_wconf 88' lang='lat' dir='ltr'><em>feramus</em></span> <span class='ocrx_word' id='word_1_135' title='bbox 1416 1437 1543 1484; x_wconf 87' lang='lat' dir='ltr'><em>haec</em></span> <span class='ocrx_word' id='word_1_136' title='bbox 1576 1441 1628 1483; x_wconf 92' lang='lat' dir='ltr'><em>in</em></span> <span class='ocrx_word' id='word_1_137' title='bbox 1660 1437 1784 1485; x_wconf 81' lang='lat' dir='ltr'><em>luxu</em></span> 
     </span>
     <span class='ocr_line' id='line_1_20' title="bbox 273 1502 1782 1569; baseline 0.003 -21"><span class='ocrx_word' id='word_1_138' title='bbox 273 1509 326 1548; x_wconf 86' lang='lat' dir='ltr'><em>et</em></span> <span class='ocrx_word' id='word_1_139' title='bbox 362 1502 476 1549; x_wconf 90' lang='lat' dir='ltr'><em>labe</em></span> <span class='ocrx_word' id='word_1_140' title='bbox 515 1504 796 1551; x_wconf 86' lang='lat' dir='ltr'><em>domestica</em></span> <span class='ocrx_word' id='word_1_141' title='bbox 833 1512 885 1551; x_wconf 91' lang='lat' dir='ltr'><em>et</em></span> <span class='ocrx_word' id='word_1_142' title='bbox 923 1521 1098 1552; x_wconf 90' lang='lat' dir='ltr'><em>eorum</em></span> <span class='ocrx_word' id='word_1_143' title='bbox 1135 1509 1476 1552; x_wconf 76' lang='lat' dir='ltr'><em>conviviorum</em></span> <span class='ocrx_word' id='word_1_144' title='bbox 1514 1523 1645 1569; x_wconf 89' lang='lat' dir='ltr'><em>quae</em></span> <span class='ocrx_word' id='word_1_145' title='bbox 1683 1510 1782 1569; x_wconf 90' lang='lat' dir='ltr'><em>pri-</em></span> 
     </span>
     <span class='ocr_line' id='line_1_21' title="bbox 272 1573 1783 1637; baseline 0.004 -22"><span class='ocrx_word' id='word_1_146' title='bbox 272 1574 400 1617; x_wconf 70' lang='lat' dir='ltr'><em>vatis</em></span> <span class='ocrx_word' id='word_1_147' title='bbox 430 1573 711 1633; x_wconf 86' lang='lat' dir='ltr'><em>parietibus</em></span> <span class='ocrx_word' id='word_1_148' title='bbox 741 1577 1086 1629; x_wconf 88' lang='lat' dir='ltr'><em>continentur,</em></span> <span class='ocrx_word' id='word_1_149' title='bbox 1117 1577 1525 1637; x_wconf 89' lang='lat' dir='ltr'><em>accipiamusque</em></span> <span class='ocrx_word' id='word_1_150' title='bbox 1559 1591 1674 1620; x_wconf 90' lang='lat' dir='ltr'><em>cum</em></span> <span class='ocrx_word' id='word_1_151' title='bbox 1712 1578 1783 1621; x_wconf 91' lang='lat' dir='ltr'><em>eis</em></span> 
     </span>
     <span class='ocr_line' id='line_1_22' title="bbox 269 1639 1781 1704; baseline 0.003 -20"><span class='ocrx_word' id='word_1_152' title='bbox 269 1656 449 1701; x_wconf 86' lang='lat' dir='ltr'><em>corpus</em></span> <span class='ocrx_word' id='word_1_153' title='bbox 471 1639 676 1695; x_wconf 86' lang='lat' dir='ltr'><em>Christi,</em></span> <span class='ocrx_word' id='word_1_154' title='bbox 696 1658 811 1687; x_wconf 89' lang='lat' dir='ltr'><em>cum</em></span> <span class='ocrx_word' id='word_1_155' title='bbox 832 1643 1015 1704; x_wconf 87' lang='lat' dir='ltr'><em>quibus</em></span> <span class='ocrx_word' id='word_1_156' title='bbox 1036 1659 1221 1704; x_wconf 89' lang='lat' dir='ltr'><em>panem</em></span> <span class='ocrx_word' id='word_1_157' title='bbox 1245 1643 1397 1689; x_wconf 87' lang='lat' dir='ltr'><em>edere</em></span> <span class='ocrx_word' id='word_1_158' title='bbox 1418 1641 1747 1704; x_wconf 89' lang='lat' dir='ltr'><em>prohibemur</em></span> <span class='ocrx_word' id='word_1_159' title='bbox 1771 1660 1781 1689; x_wconf 91' lang='lat'>:</span> 
     </span>
     <span class='ocr_line' id='line_1_23' title="bbox 269 1707 1780 1773; baseline 0.003 -21"><span class='ocrx_word' id='word_1_160' title='bbox 269 1707 452 1753; x_wconf 86' lang='lat' dir='ltr'><em>saltem</em></span> <span class='ocrx_word' id='word_1_161' title='bbox 486 1709 550 1754; x_wconf 91' lang='lat' dir='ltr'><em>de</em></span> <span class='ocrx_word' id='word_1_162' title='bbox 584 1717 875 1755; x_wconf 88' lang='lat' dir='ltr'><em>sanctorum</em></span> <span class='ocrx_word' id='word_1_163' title='bbox 908 1727 1173 1772; x_wconf 89' lang='lat' dir='ltr'><em>corporum</em></span> <span class='ocrx_word' id='word_1_164' title='bbox 1207 1710 1466 1773; x_wconf 84' lang='lat' dir='ltr'><em>sepulcris,</em></span> <span class='ocrx_word' id='word_1_165' title='bbox 1498 1710 1682 1757; x_wconf 86' lang='lat' dir='ltr'><em>saltem</em></span> <span class='ocrx_word' id='word_1_166' title='bbox 1715 1711 1780 1758; x_wconf 94' lang='lat' dir='ltr'><em>de</em></span> 
     </span>
    </p>
   </div>
   <div class='ocr_carea' id='block_1_3' title="bbox 302 1788 957 1797">
    <p class='ocr_par' dir='ltr' id='par_1_3' title="bbox 302 1788 957 1797">
     <span class='ocr_line' id='line_1_24' title="bbox 302 1788 957 1797; baseline 0 0"><span class='ocrx_word' id='word_1_167' title='bbox 302 1788 957 1797; x_wconf 95' lang='lat' dir='ltr'><em> </em></span> 
     </span>
    </p>
   </div>
   <div class='ocr_carea' id='block_1_4' title="bbox 274 1813 1778 2577">
    <p class='ocr_par' dir='ltr' id='par_1_4' title="bbox 339 1813 1545 1857">
     <span class='ocr_line' id='line_1_25' title="bbox 339 1813 1545 1857; baseline 0.002 -5"><span class='ocrx_word' id='word_1_168' title='bbox 339 1819 357 1836; x_wconf 70' lang='grc' dir='ltr'><em>α</em></span> <span class='ocrx_word' id='word_1_169' title='bbox 382 1813 510 1854; x_wconf 80' lang='lat' dir='ltr'><em>Rom.</em></span> <span class='ocrx_word' id='word_1_170' title='bbox 534 1816 622 1854; x_wconf 81' lang='lat' dir='ltr'><em>xiii.</em></span> <span class='ocrx_word' id='word_1_171' title='bbox 651 1818 792 1855; x_wconf 82' lang='lat'>13-14.</span> <span class='ocrx_word' id='word_1_172' title='bbox 1194 1815 1208 1839; x_wconf 74' lang='lat'><em>⁶</em></span> <span class='ocrx_word' id='word_1_173' title='bbox 1246 1820 1261 1855; x_wconf 95' lang='grc'><strong>1</strong></span> <span class='ocrx_word' id='word_1_174' title='bbox 1289 1815 1388 1857; x_wconf 90' lang='lat' dir='ltr'><em>Cor.</em></span> <span class='ocrx_word' id='word_1_175' title='bbox 1411 1830 1451 1856; x_wconf 88' lang='lat' dir='ltr'><em>v.</em></span> <span class='ocrx_word' id='word_1_176' title='bbox 1482 1819 1545 1856; x_wconf 94' lang='grc'><em>11.</em></span> 
     </span>
    </p>

    <p class='ocr_par' dir='ltr' id='par_1_5' title="bbox 274 1868 1778 2577">
     <span class='ocr_line' id='line_1_26' title="bbox 340 1868 1778 1923; baseline 0.002 -15"><span class='ocrx_word' id='word_1_177' title='bbox 340 1875 353 1891; x_wconf 76' lang='lat'><strong><em>⁶</em></strong></span> <span class='ocrx_word' id='word_1_178' title='bbox 384 1868 490 1908; x_wconf 86' lang='lat' dir='ltr'><em>This</em></span> <span class='ocrx_word' id='word_1_179' title='bbox 513 1871 705 1920; x_wconf 86' lang='lat' dir='ltr'><em>practice</em></span> <span class='ocrx_word' id='word_1_180' title='bbox 726 1870 777 1909; x_wconf 90' lang='lat' dir='ltr'><em>of</em></span> <span class='ocrx_word' id='word_1_181' title='bbox 799 1869 1110 1910; x_wconf 79' lang='lat' dir='ltr'><em>drunkenness</em></span> <span class='ocrx_word' id='word_1_182' title='bbox 1131 1874 1177 1910; x_wconf 90' lang='lat' dir='ltr'><em>at</em></span> <span class='ocrx_word' id='word_1_183' title='bbox 1197 1871 1271 1910; x_wconf 89' lang='lat' dir='ltr'><em>the</em></span> <span class='ocrx_word' id='word_1_184' title='bbox 1293 1870 1500 1923; x_wconf 82' lang='lat' dir='ltr'><em>martyrs’</em></span> <span class='ocrx_word' id='word_1_185' title='bbox 1521 1870 1668 1912; x_wconf 90' lang='lat' dir='ltr'><em>tombs</em></span> <span class='ocrx_word' id='word_1_186' title='bbox 1688 1884 1778 1911; x_wconf 86' lang='lat' dir='ltr'><em>was</em></span> 
     </span>
     <span class='ocr_line' id='line_1_27' title="bbox 277 1922 1777 1977; baseline 0.003 -16"><span class='ocrx_word' id='word_1_187' title='bbox 277 1922 552 1974; x_wconf 79' lang='lat' dir='ltr'><em>widespread</em></span> <span class='ocrx_word' id='word_1_188' title='bbox 584 1924 833 1976; x_wconf 60' lang='lat' dir='ltr'><em>(Ps-Cypiz</em></span> <span class='ocrx_word' id='word_1_189' title='bbox 865 1925 1004 1976; x_wconf 77' lang='lat' dir='ltr'><em>Dupl.</em></span> <span class='ocrx_word' id='word_1_190' title='bbox 1041 1925 1234 1977; x_wconf 43' lang='lat' dir='ltr'><em>illartyr.</em></span> <span class='ocrx_word' id='word_1_191' title='bbox 1266 1929 1320 1965; x_wconf 71' lang='lat'><em>25</em></span> <span class='ocrx_word' id='word_1_192' title='bbox 1353 1926 1545 1965; x_wconf 85' lang='lat' dir='ltr'><em>“annon</em></span> <span class='ocrx_word' id='word_1_193' title='bbox 1575 1925 1777 1966; x_wconf 86' lang='lat' dir='ltr'><em>videmus</em></span> 
     </span>
     <span class='ocr_line' id='line_1_28' title="bbox 278 1977 1777 2032; baseline 0.003 -16"><span class='ocrx_word' id='word_1_194' title='bbox 278 1977 335 2016; x_wconf 89' lang='lat' dir='ltr'><em>ad</em></span> <span class='ocrx_word' id='word_1_195' title='bbox 367 1982 615 2029; x_wconf 73' lang='lat' dir='ltr'><em>martyrum</em></span> <span class='ocrx_word' id='word_1_196' title='bbox 648 1981 883 2019; x_wconf 74' lang='lat' dir='ltr'><em>memorias</em></span> <span class='ocrx_word' id='word_1_197' title='bbox 912 1980 1214 2020; x_wconf 84' lang='lat' dir='ltr'><em>Christianum</em></span> <span class='ocrx_word' id='word_1_198' title='bbox 1247 1994 1273 2020; x_wconf 87' lang='lat' dir='ltr'><em>a</em></span> <span class='ocrx_word' id='word_1_199' title='bbox 1303 1979 1556 2020; x_wconf 87' lang='lat' dir='ltr'><em>Christiano</em></span> <span class='ocrx_word' id='word_1_200' title='bbox 1585 1981 1685 2032; x_wconf 89' lang='lat' dir='ltr'><em>cogi</em></span> <span class='ocrx_word' id='word_1_201' title='bbox 1720 1979 1777 2020; x_wconf 86' lang='lat' dir='ltr'><em>ad</em></span> 
     </span>
     <span class='ocr_line' id='line_1_29' title="bbox 277 2031 1778 2085; baseline 0.003 -15"><span class='ocrx_word' id='word_1_202' title='bbox 277 2031 609 2073; x_wconf 47' lang='lat' dir='ltr'><em>ebrietatemff</em></span> <span class='ocrx_word' id='word_1_203' title='bbox 673 2033 831 2074; x_wconf 78' lang='lat' dir='ltr'><em>Ambr.</em></span> <span class='ocrx_word' id='word_1_204' title='bbox 863 2034 995 2073; x_wconf 76' lang='lat' dir='ltr'><em>Helia</em></span> <span class='ocrx_word' id='word_1_205' title='bbox 1019 2036 1121 2075; x_wconf 86' lang='lat' dir='ltr'><em>xvii.</em></span> <span class='ocrx_word' id='word_1_206' title='bbox 1149 2037 1202 2074; x_wconf 78' lang='lat'><em>62</em></span> <span class='ocrx_word' id='word_1_207' title='bbox 1231 2034 1430 2074; x_wconf 87' lang='lat' dir='ltr'><em>“calices</em></span> <span class='ocrx_word' id='word_1_208' title='bbox 1460 2033 1517 2074; x_wconf 89' lang='lat' dir='ltr'><em>ad</em></span> <span class='ocrx_word' id='word_1_209' title='bbox 1543 2034 1778 2085; x_wconf 87' lang='lat' dir='ltr'><em>sepulchra</em></span> 
     </span>
     <span class='ocr_line' id='line_1_30' title="bbox 278 2087 1776 2139; baseline 0.002 -13"><span class='ocrx_word' id='word_1_210' title='bbox 278 2091 525 2137; x_wconf 64' lang='lat' dir='ltr'><em>martyrum</em></span> <span class='ocrx_word' id='word_1_211' title='bbox 558 2087 763 2127; x_wconf 74' lang='lat' dir='ltr'><em>deferunt</em></span> <span class='ocrx_word' id='word_1_212' title='bbox 795 2093 930 2139; x_wconf 84' lang='lat' dir='ltr'><em>atque</em></span> <span class='ocrx_word' id='word_1_213' title='bbox 962 2088 1049 2128; x_wconf 87' lang='lat' dir='ltr'><em>illic</em></span> <span class='ocrx_word' id='word_1_214' title='bbox 1086 2091 1128 2128; x_wconf 92' lang='lat' dir='ltr'><em>in</em></span> <span class='ocrx_word' id='word_1_215' title='bbox 1160 2101 1390 2139; x_wconf 77' lang='lat' dir='ltr'><em>vesperam</em></span> <span class='ocrx_word' id='word_1_216' title='bbox 1422 2088 1629 2134; x_wconf 85' lang='lat' dir='ltr'><em>bibunt,&#39;’</em></span> <span class='ocrx_word' id='word_1_217' title='bbox 1657 2087 1776 2139; x_wconf 88' lang='lat' dir='ltr'><em>etc.).</em></span> 
     </span>
     <span class='ocr_line' id='line_1_31' title="bbox 278 2140 1778 2195; baseline 0.003 -16"><span class='ocrx_word' id='word_1_218' title='bbox 278 2140 319 2180; x_wconf 88' lang='lat' dir='ltr'><em>It</em></span> <span class='ocrx_word' id='word_1_219' title='bbox 349 2154 438 2180; x_wconf 80' lang='lat' dir='ltr'><em>was</em></span> <span class='ocrx_word' id='word_1_220' title='bbox 468 2155 493 2181; x_wconf 93' lang='lat' dir='ltr'><em>a</em></span> <span class='ocrx_word' id='word_1_221' title='bbox 524 2142 717 2182; x_wconf 80' lang='lat' dir='ltr'><em>survival</em></span> <span class='ocrx_word' id='word_1_222' title='bbox 747 2143 797 2182; x_wconf 89' lang='lat' dir='ltr'><em>of</em></span> <span class='ocrx_word' id='word_1_223' title='bbox 831 2143 905 2182; x_wconf 87' lang='lat' dir='ltr'><em>the</em></span> <span class='ocrx_word' id='word_1_224' title='bbox 935 2142 1008 2182; x_wconf 90' lang='lat' dir='ltr'><em>old</em></span> <span class='ocrx_word' id='word_1_225' title='bbox 1040 2156 1189 2195; x_wconf 84' lang='lat' dir='ltr'><em>pagan</em></span> <span class='ocrx_word' id='word_1_226' title='bbox 1218 2147 1392 2183; x_wconf 88' lang='lat' dir='ltr'><em>custom</em></span> <span class='ocrx_word' id='word_1_227' title='bbox 1425 2143 1476 2183; x_wconf 88' lang='lat' dir='ltr'><em>of</em></span> <span class='ocrx_word' id='word_1_228' title='bbox 1504 2143 1778 2195; x_wconf 77' lang='lat' dir='ltr'><em>celebrating</em></span> 
     </span>
     <span class='ocr_line' id='line_1_32' title="bbox 278 2195 1776 2245; baseline 0.002 -10"><span class='ocrx_word' id='word_1_229' title='bbox 278 2195 530 2236; x_wconf 87' lang='lat' dir='ltr'><em>Parentalia</em></span> <span class='ocrx_word' id='word_1_230' title='bbox 560 2210 608 2236; x_wconf 86' lang='lat' dir='ltr'><em>or</em></span> <span class='ocrx_word' id='word_1_231' title='bbox 644 2196 815 2236; x_wconf 88' lang='lat' dir='ltr'><em>Feralia</em></span> <span class='ocrx_word' id='word_1_232' title='bbox 851 2211 908 2236; x_wconf 91' lang='lat' dir='ltr'><em>on</em></span> <span class='ocrx_word' id='word_1_233' title='bbox 942 2197 1017 2237; x_wconf 87' lang='lat' dir='ltr'><em>the</em></span> <span class='ocrx_word' id='word_1_234' title='bbox 1056 2198 1203 2237; x_wconf 86' lang='lat' dir='ltr'><em>tombs</em></span> <span class='ocrx_word' id='word_1_235' title='bbox 1238 2198 1288 2237; x_wconf 90' lang='lat' dir='ltr'><em>of</em></span> <span class='ocrx_word' id='word_1_236' title='bbox 1322 2197 1397 2238; x_wconf 90' lang='lat' dir='ltr'><em>the</em></span> <span class='ocrx_word' id='word_1_237' title='bbox 1430 2197 1561 2244; x_wconf 90' lang='lat' dir='ltr'><em>dead,</em></span> <span class='ocrx_word' id='word_1_238' title='bbox 1596 2197 1692 2245; x_wconf 88' lang='lat' dir='ltr'><em>but,</em></span> <span class='ocrx_word' id='word_1_239' title='bbox 1727 2211 1776 2238; x_wconf 84' lang='lat' dir='ltr'><em>as</em></span> 
     </span>
     <span class='ocr_line' id='line_1_33' title="bbox 276 2250 1776 2303; baseline 0.002 -14"><span class='ocrx_word' id='word_1_240' title='bbox 276 2250 528 2298; x_wconf 66' lang='lat' dir='ltr'><em>Augustine</em></span> <span class='ocrx_word' id='word_1_241' title='bbox 547 2265 666 2303; x_wconf 70' lang='lat' dir='ltr'><em>sayS,</em></span> <span class='ocrx_word' id='word_1_242' title='bbox 688 2251 760 2291; x_wconf 86' lang='lat' dir='ltr'><em>the</em></span> <span class='ocrx_word' id='word_1_243' title='bbox 783 2252 960 2292; x_wconf 82' lang='lat' dir='ltr'><em>Church</em></span> <span class='ocrx_word' id='word_1_244' title='bbox 983 2251 1228 2302; x_wconf 83' lang='lat' dir='ltr'><em>attempted</em></span> <span class='ocrx_word' id='word_1_245' title='bbox 1258 2256 1304 2292; x_wconf 89' lang='lat' dir='ltr'><em>to</em></span> <span class='ocrx_word' id='word_1_246' title='bbox 1325 2256 1463 2292; x_wconf 73' lang='lat' dir='ltr'><em>ari-est</em></span> <span class='ocrx_word' id='word_1_247' title='bbox 1489 2251 1576 2292; x_wconf 83' lang='lat' dir='ltr'><em>this</em></span> <span class='ocrx_word' id='word_1_248' title='bbox 1597 2251 1776 2300; x_wconf 87' lang='lat' dir='ltr'><em>licence,</em></span> 
     </span>
     <span class='ocr_line' id='line_1_34' title="bbox 276 2305 1776 2359; baseline 0.001 -15"><span class='ocrx_word' id='word_1_249' title='bbox 276 2309 354 2344; x_wconf 89' lang='lat' dir='ltr'><em>not</em></span> <span class='ocrx_word' id='word_1_250' title='bbox 379 2305 439 2356; x_wconf 89' lang='lat' dir='ltr'><em>by</em></span> <span class='ocrx_word' id='word_1_251' title='bbox 459 2305 677 2357; x_wconf 84' lang='lat' dir='ltr'><em>complete.</em></span> <span class='ocrx_word' id='word_1_252' title='bbox 699 2308 999 2357; x_wconf 81' lang='lat' dir='ltr'><em>suppression,</em></span> <span class='ocrx_word' id='word_1_253' title='bbox 1022 2307 1102 2346; x_wconf 86' lang='lat' dir='ltr'><em>but</em></span> <span class='ocrx_word' id='word_1_254' title='bbox 1130 2307 1190 2358; x_wconf 90' lang='lat' dir='ltr'><em>by</em></span> <span class='ocrx_word' id='word_1_255' title='bbox 1210 2309 1472 2359; x_wconf 85' lang='lat' dir='ltr'><em>converting</em></span> <span class='ocrx_word' id='word_1_256' title='bbox 1492 2306 1566 2347; x_wconf 87' lang='lat' dir='ltr'><em>the</em></span> <span class='ocrx_word' id='word_1_257' title='bbox 1586 2306 1776 2359; x_wconf 87' lang='lat' dir='ltr'><em>offering</em></span> 
     </span>
     <span class='ocr_line' id='line_1_35' title="bbox 275 2359 1775 2413; baseline 0.002 -15"><span class='ocrx_word' id='word_1_258' title='bbox 275 2360 326 2398; x_wconf 90' lang='lat' dir='ltr'><em>of</em></span> <span class='ocrx_word' id='word_1_259' title='bbox 351 2359 488 2399; x_wconf 82' lang='lat' dir='ltr'><em>bread</em></span> <span class='ocrx_word' id='word_1_260' title='bbox 519 2360 607 2400; x_wconf 85' lang='lat' dir='ltr'><em>and</em></span> <span class='ocrx_word' id='word_1_261' title='bbox 638 2362 751 2400; x_wconf 83' lang='lat' dir='ltr'><em>wine</em></span> <span class='ocrx_word' id='word_1_262' title='bbox 782 2361 870 2400; x_wconf 88' lang='lat' dir='ltr'><em>laid</em></span> <span class='ocrx_word' id='word_1_263' title='bbox 901 2375 959 2400; x_wconf 92' lang='lat' dir='ltr'><em>on</em></span> <span class='ocrx_word' id='word_1_264' title='bbox 989 2361 1063 2401; x_wconf 87' lang='lat' dir='ltr'><em>the</em></span> <span class='ocrx_word' id='word_1_265' title='bbox 1093 2361 1240 2401; x_wconf 87' lang='lat' dir='ltr'><em>tombs</em></span> <span class='ocrx_word' id='word_1_266' title='bbox 1266 2360 1355 2411; x_wconf 84' lang='lat' dir='ltr'><em>(see</em></span> <span class='ocrx_word' id='word_1_267' title='bbox 1381 2361 1508 2413; x_wconf 64' lang='lat' dir='ltr'><em>(fons.</em></span> <span class='ocrx_word' id='word_1_268' title='bbox 1531 2362 1588 2401; x_wconf 91' lang='lat' dir='ltr'><em>vi.</em></span> <span class='ocrx_word' id='word_1_269' title='bbox 1610 2362 1656 2412; x_wconf 72' lang='lat'><em>2)</em></span> <span class='ocrx_word' id='word_1_270' title='bbox 1681 2365 1727 2401; x_wconf 85' lang='lat' dir='ltr'><em>to</em></span> <span class='ocrx_word' id='word_1_271' title='bbox 1747 2375 1775 2401; x_wconf 87' lang='lat' dir='ltr'><em>a</em></span> 
     </span>
     <span class='ocr_line' id='line_1_36' title="bbox 275 2413 1773 2467; baseline 0.002 -15"><span class='ocrx_word' id='word_1_272' title='bbox 275 2413 429 2453; x_wconf 89' lang='lat' dir='ltr'><em>nobler</em></span> <span class='ocrx_word' id='word_1_273' title='bbox 451 2428 540 2454; x_wconf 81' lang='lat' dir='ltr'><em>use.</em></span> <span class='ocrx_word' id='word_1_274' title='bbox 603 2415 697 2455; x_wconf 87' lang='lat' dir='ltr'><em>The</em></span> <span class='ocrx_word' id='word_1_275' title='bbox 728 2415 936 2467; x_wconf 78' lang='lat' dir='ltr'><em>martyr&#39;s</em></span> <span class='ocrx_word' id='word_1_276' title='bbox 966 2416 1091 2455; x_wconf 90' lang='lat' dir='ltr'><em>tomb</em></span> <span class='ocrx_word' id='word_1_277' title='bbox 1111 2428 1201 2455; x_wconf 85' lang='lat' dir='ltr'><em>was</em></span> <span class='ocrx_word' id='word_1_278' title='bbox 1232 2415 1362 2455; x_wconf 87' lang='lat' dir='ltr'><em>made</em></span> <span class='ocrx_word' id='word_1_279' title='bbox 1392 2429 1450 2455; x_wconf 86' lang='lat' dir='ltr'><em>an</em></span> <span class='ocrx_word' id='word_1_280' title='bbox 1479 2414 1607 2462; x_wconf 87' lang='lat' dir='ltr'><em>altar,</em></span> <span class='ocrx_word' id='word_1_281' title='bbox 1630 2415 1773 2456; x_wconf 88' lang='lat' dir='ltr'><em>round</em></span> 
     </span>
     <span class='ocr_line' id='line_1_37' title="bbox 276 2468 1774 2522; baseline 0.002 -15"><span class='ocrx_word' id='word_1_282' title='bbox 276 2468 418 2508; x_wconf 87' lang='lat' dir='ltr'><em>which</em></span> <span class='ocrx_word' id='word_1_283' title='bbox 440 2482 530 2509; x_wconf 84' lang='lat' dir='ltr'><em>was</em></span> <span class='ocrx_word' id='word_1_284' title='bbox 552 2469 665 2509; x_wconf 88' lang='lat' dir='ltr'><em>built</em></span> <span class='ocrx_word' id='word_1_285' title='bbox 685 2469 759 2509; x_wconf 86' lang='lat' dir='ltr'><em>the</em></span> <span class='ocrx_word' id='word_1_286' title='bbox 779 2470 937 2521; x_wconf 89' lang='lat' dir='ltr'><em>chapel</em></span> <span class='ocrx_word' id='word_1_287' title='bbox 966 2469 1200 2510; x_wconf 88' lang='lat' dir='ltr'><em>dedicated</em></span> <span class='ocrx_word' id='word_1_288' title='bbox 1230 2474 1275 2510; x_wconf 92' lang='lat' dir='ltr'><em>to</em></span> <span class='ocrx_word' id='word_1_289' title='bbox 1303 2470 1395 2510; x_wconf 90' lang='lat' dir='ltr'><em>him</em></span> <span class='ocrx_word' id='word_1_290' title='bbox 1423 2469 1511 2509; x_wconf 87' lang='lat' dir='ltr'><em>and</em></span> <span class='ocrx_word' id='word_1_291' title='bbox 1540 2469 1682 2510; x_wconf 89' lang='lat' dir='ltr'><em>called</em></span> <span class='ocrx_word' id='word_1_292' title='bbox 1712 2469 1774 2522; x_wconf 90' lang='lat' dir='ltr'><em>by</em></span> 
     </span>
     <span class='ocr_line' id='line_1_38' title="bbox 274 2522 1774 2577; baseline 0.002 -15"><span class='ocrx_word' id='word_1_293' title='bbox 274 2522 341 2562; x_wconf 85' lang='lat' dir='ltr'><em>his</em></span> <span class='ocrx_word' id='word_1_294' title='bbox 364 2536 519 2570; x_wconf 87' lang='lat' dir='ltr'><em>name;</em></span> <span class='ocrx_word' id='word_1_295' title='bbox 550 2523 636 2564; x_wconf 86' lang='lat' dir='ltr'><em>this</em></span> <span class='ocrx_word' id='word_1_296' title='bbox 657 2523 856 2576; x_wconf 80' lang='lat' dir='ltr'><em>explains</em></span> <span class='ocrx_word' id='word_1_297' title='bbox 872 2524 989 2577; x_wconf 88' lang='lat' dir='ltr'><em>why,</em></span> <span class='ocrx_word' id='word_1_298' title='bbox 1009 2526 1052 2564; x_wconf 95' lang='lat' dir='ltr'><em>in</em></span> <span class='ocrx_word' id='word_1_299' title='bbox 1074 2524 1147 2565; x_wconf 85' lang='lat' dir='ltr'><em>the</em></span> <span class='ocrx_word' id='word_1_300' title='bbox 1167 2524 1319 2565; x_wconf 88' lang='lat' dir='ltr'><em>fourth</em></span> <span class='ocrx_word' id='word_1_301' title='bbox 1339 2528 1541 2577; x_wconf 86' lang='lat' dir='ltr'><em>century,</em></span> <span class='ocrx_word' id='word_1_302' title='bbox 1557 2523 1774 2565; x_wconf 86' lang='lat' dir='ltr'><em>churches</em></span> 
     </span>
    </p>
   </div>
   <div class='ocr_carea' id='block_1_5' title="bbox 272 2594 335 2633">
    <p class='ocr_par' dir='ltr' id='par_1_6' title="bbox 272 2594 335 2633">
     <span class='ocr_line' id='line_1_39' title="bbox 272 2594 335 2633; baseline 0 0"><span class='ocrx_word' id='word_1_303' title='bbox 272 2594 335 2633; x_wconf 71' lang='lat'><em>44</em></span> 
     </span>
    </p>
   </div>
  </div>
 </body>
</html>
