1866 2964
206 288 256 326 14

249 1730 265 1767 l

767 148 858 195 ST.
898 149 1307 196 AUGUSTINE

347 280 461 327 Fiat
488 298 609 344 ergo
635 281 772 343 quod
797 284 1099 343 promissum
1121 288 1216 337 est,
1238 288 1291 328 et
1310 281 1623 327 infirmorum
1643 279 1794 326 corda

281 357 543 404 sanentur,
584 365 648 394 ne
689 356 836 395 tanto
878 349 1131 412 exemplo,
1172 350 1354 412 quibus
1394 348 1489 395 hoc
1528 348 1796 411 placuerit,

283 417 347 463 ad
378 417 683 463 imitandum
714 420 992 479 periurium
1024 417 1374 473 aedificentur,
1406 417 1589 480 quibus
1621 423 1796 462 autem

283 484 535 546 displicet,
565 488 838 531 iustissime
869 485 1041 531 dicant
1072 485 1195 531 nulli
1224 492 1454 532 nostrum
1485 483 1798 531 credendum

285 569 394 598 esse
420 570 521 598 non
545 552 707 599 solum
731 556 1055 615 promittenti
1081 553 1272 616 aliquid
1296 553 1386 600 sed
1412 556 1569 599 etiam
1593 554 1796 598 iuranti.

285 621 418 666 Hinc
468 624 603 667 enim
657 625 826 682 potius
875 621 1134 668 cavendae
1194 628 1313 668 sunt
1371 621 1577 684 linguae
1635 622 1799 666 inimi-

284 705 474 744 corum,
507 689 571 735 de
605 690 788 751 quibus
820 697 1087 752 tamquam
1119 688 1292 736 iaculis
1325 689 1390 735 ad
1420 687 1799 735 interficiendos

284 756 507 803 infirmos
536 761 696 803 maior
723 757 805 803 ille
835 760 997 804 utitur
1024 761 1270 804 inimicus.
1341 755 1443 804 Sed
1480 757 1613 803 absit
1643 762 1701 802 ut
1735 755 1799 801 de

284 824 375 871 tali
421 829 589 870 anima
634 842 896 887 speremus
951 825 1088 872 aliud
1142 842 1296 888 quam
1341 824 1479 887 quod
1522 824 1605 871 dei
1648 826 1802 870 timor

285 896 498 955 inspirat
537 900 589 939 et
626 900 775 940 tanta
812 909 943 956 quae
976 897 1028 939 in
1055 893 1139 939 illa
1169 900 1247 939 est
1286 892 1590 939 excellentia
1618 894 1803 938 sancti-

288 964 410 1007 tatis
446 960 696 1008 hortatur.
767 961 879 1024 Ego
917 968 1109 1017 autem,
1147 978 1301 1024 quem
1337 961 1459 1008 dicis
1498 963 1655 1006 etiam
1689 976 1803 1021 pro-

287 1027 464 1075 hibere
488 1029 742 1084 debuisse,
765 1028 949 1085 fateor,
971 1046 1073 1075 non
1095 1032 1240 1092 potui
1262 1033 1331 1075 sic
1353 1045 1551 1091 sapere,
1574 1035 1632 1074 ut
1654 1034 1802 1074 tanto

290 1096 370 1142 vel
406 1096 634 1144 tumultu
671 1097 752 1143 vel
789 1096 1065 1144 offensione
1103 1100 1265 1160 magis
1305 1100 1465 1143 everti
1502 1095 1686 1143 vellem
1725 1111 1804 1141 ec-

289 1164 495 1211 clesiam
533 1168 612 1212 cui
649 1169 830 1221 servio,
868 1182 1022 1228 quam
1059 1166 1111 1212 id
1148 1165 1285 1228 quod
1323 1182 1352 1211 a
1387 1164 1476 1211 tali
1517 1167 1622 1210 viro
1658 1163 1802 1210 nobis

289 1231 615 1289 offerebatur,
642 1237 886 1296 accipere.

692 1396 786 1442 No.
815 1402 876 1443 34
900 1396 1015 1459 (Ep.
1044 1395 1340 1458 cxxxiii)

286 1494 547 1535 DOMINO
593 1494 829 1536 EXIMIO
875 1495 951 1535 ET
1003 1494 1249 1535 MERITO
1295 1493 1541 1535 INSIGNI
1592 1492 1805 1543 ATQUE

396 1559 744 1600 CARISSIMO
762 1559 933 1600 FILIO
955 1558 1376 1600 MARCELLINO
1394 1557 1806 1600 AUGUSTINUS

408 1624 749 1665 EPISCOPUS
783 1624 849 1664 IN
882 1624 1143 1665 DOMINO
1177 1623 1475 1664 SALUTEM

361 1721 804 1768 Circumcelliones
825 1721 932 1768 illos
955 1729 1007 1768 et
1034 1721 1238 1768 clericos
1264 1724 1422 1783 partis
1451 1721 1661 1777 Donati,
1682 1736 1807 1784 quos

359 1827 375 1843 ‘²
412 1820 715 1867 Marcellinus,
760 1834 787 1859 a
829 1820 1007 1860 tribune
1053 1819 1142 1859 and
1187 1824 1363 1871 notary,
1407 1833 1497 1860 was
1540 1819 1720 1860 brother
1762 1823 1808 1859 to

300 1875 561 1927 Apringius‚
590 1874 829 1927 proconsul
858 1876 909 1915 of
933 1875 1105 1921 Africa,
1135 1874 1225 1914 and
1254 1887 1344 1914 was
1373 1873 1615 1926 appointed
1645 1874 1707 1926 by
1735 1873 1810 1914 the

301 1930 519 1982 Emperor
547 1929 774 1969 Honorius
800 1934 846 1969 to
872 1929 1046 1981 preside
1073 1943 1177 1969 over
1206 1942 1264 1968 an
1295 1930 1474 1980 inquiry
1500 1930 1594 1969 into
1619 1928 1694 1969 the
1719 1927 1808 1968 dis-

300 1989 407 2037 pute
426 1985 625 2024 between
645 1984 678 2024 C
683 1983 870 2024 atholics
889 1983 979 2023 and
1000 1983 1246 2023 Donatists.
1295 1983 1402 2023 This
1421 1983 1681 2023 conference
1698 1981 1808 2023 took

301 2039 427 2092 place
463 2041 507 2079 in
542 2039 663 2079 June
698 2042 796 2085 411,
833 2038 922 2078 and
959 2040 1003 2078 in
1044 2039 1157 2089 spite
1195 2039 1247 2078 of
1279 2037 1354 2078 the
1393 2036 1685 2089 impartiality
1719 2035 1806 2076 and

302 2093 581 2133 moderatiori
617 2093 770 2133 shown
806 2092 868 2144 by
906 2092 1209 2139 Marcellinus,
1245 2091 1320 2132 the
1355 2092 1586 2132 Donatists
1620 2090 1809 2132 accused

304 2148 395 2188 him
427 2149 477 2187 of
503 2148 723 2199 receiving
753 2147 901 2187 bribes
931 2147 1034 2198 (Ep.
1060 2147 1185 2192 cxli.;
1220 2145 1324 2187 Coa.
1357 2146 1511 2186 Theod.
1536 2148 1622 2187 xvi.
1655 2149 1719 2186 11.
1749 2145 1809 2196 5).

305 2202 357 2242 In
388 2202 475 2242 this
505 2201 645 2248 letter,
676 2201 765 2241 and
801 2203 844 2241 in
879 2203 1081 2241 cxxxviii.
1113 2200 1202 2240 and
1237 2202 1422 2247 cxxxix„
1454 2200 1707 2253 Augustine
1735 2199 1810 2240 de-

303 2256 448 2308 plores
477 2256 552 2296 the
581 2255 777 2296 violence
807 2257 858 2295 of
885 2256 960 2296 the
996 2254 1371 2303 Circumcellions,
1401 2254 1483 2295 but
1511 2254 1687 2295 exhorts
1717 2254 1810 2295 him

304 2316 350 2351 to
383 2310 505 2351 show
541 2323 690 2362 mercy
723 2314 769 2350 to
803 2310 929 2350 those
963 2309 1214 2362 misguided
1248 2310 1452 2350 fanatics.
1521 2308 1809 2349 Marcellinus

305 2363 394 2405 and
418 2365 670 2416 Augustine
692 2378 805 2405 were
827 2377 883 2404 on
906 2369 1041 2404 terms
1062 2364 1112 2404 of
1128 2363 1244 2404 close
1258 2362 1522 2415 friendship‚
1538 2362 1627 2403 and
1650 2367 1695 2404 to
1717 2363 1810 2403 him

305 2420 557 2471 Augustine
573 2418 805 2459 dedicated
822 2418 889 2458 his
903 2418 968 2458 De
980 2418 1262 2458 Peccatorum
1280 2417 1335 2457 M
1333 2418 1457 2458 eritis
1471 2422 1510 2457 et
1522 2416 1810 2466 Remissione,

305 2473 370 2514 De
404 2473 582 2525 Spiritu
615 2478 655 2513 et
687 2472 873 2520 Littera,
907 2472 996 2512 and
1029 2472 1105 2513 the
1136 2472 1231 2513 first
1262 2476 1351 2512 two
1382 2470 1528 2512 books
1559 2472 1611 2512 of
1637 2471 1714 2512 the
1744 2471 1810 2512 De

310 2527 501 2568 Cim-itate
530 2527 629 2575 Dei,
660 2527 803 2568 which
838 2527 893 2568 he
927 2540 1032 2580 says
1059 2540 1172 2569 were
1201 2528 1374 2568 written
1404 2529 1451 2567 at
1484 2524 1810 2567 Marcellinus’s

310 2597 406 2642 250
