1866 2964
794 172 884 220 ST.
923 174 1330 222 AUGL‘STINE

308 305 621 351 cernendum
655 305 902 368 populum
936 305 1268 354 christianum
1305 325 1335 355 a
1369 309 1559 356 duritia
1598 309 1815 356 Iudaeo-

308 393 420 422 rum
453 377 726 439 epistulam
755 395 899 425 suam
931 396 1023 425 non
1053 378 1102 425 in
1134 379 1305 427 tabulis
1338 380 1538 444 lapideis
1569 384 1812 444 scriptam

309 447 391 494 sed
421 448 469 494 in
502 447 672 496 tabulis
702 450 855 497 cordis
885 450 1170 507 carnalibus,
1201 469 1316 499 cum
1351 453 1560 517 Moyses
1590 451 1812 509 famulus

310 520 392 566 dei
438 529 650 584 propter
692 521 802 569 illos
848 526 1101 586 principes
1146 525 1291 571 binas
1335 524 1564 588 lapideas
1609 524 1812 572 tabulas

309 592 663 657 confregisset,
691 612 792 658 quo
819 596 972 642 modo
1000 614 1102 643 non
1127 614 1391 662 possemus
1417 601 1633 644 istorum
1659 597 1814 644 corda

309 664 648 730 confringere,
676 670 763 730 qui
789 666 1020 715 homines
1048 672 1165 715 noxi
1191 673 1495 716 testamenti
1520 676 1812 716 sanctorum

309 738 489 785 diebus
524 738 842 787 celebrandis
879 757 939 787 ea
976 740 1168 788 vellent
1202 740 1517 789 sollemniter
1552 741 1815 797 exhibere,

311 827 443 873 quae
479 811 697 873 populus
733 816 921 859 veteris
956 817 1261 860 testamenti
1299 821 1354 861 et
1389 813 1551 861 semel
1587 821 1642 861 et
1677 812 1813 861 idolo

310 882 604 930 celebravit.

263 966 288 1003 5
371 955 513 1002 Tunc
535 956 738 1003 reddito
763 957 913 1004 exodi
936 958 1109 1005 codice
1132 961 1325 1005 crimen
1347 959 1631 1014 ebrietatis,
1655 974 1814 1021 quan-

309 1034 421 1074 tum
455 1035 661 1091 tempus
694 1029 915 1084 sinebat,
949 1047 1268 1094 exaggerans
1301 1033 1494 1093 sumpsi
1527 1029 1814 1093 apostolum

310 1099 525 1146 Paulum
563 1107 617 1147 et
644 1103 781 1147 inter
811 1118 944 1164 quae
978 1110 1193 1165 peccata
1227 1106 1396 1165 posita
1427 1109 1582 1159 esset,
1611 1102 1814 1149 ostendi

308 1171 487 1236 legens
530 1172 673 1219 illum
718 1172 920 1220 locum:
985 1173 1038 1220 Si
1083 1173 1189 1238 quis
1221 1171 1388 1237 frater
1431 1172 1691 1220 nominetur
1735 1179 1816 1220 aut

295 1243 571 1309 fornicator
603 1251 684 1291 aut
715 1245 855 1292 idolis
886 1246 1089 1293 serviens
1123 1252 1204 1292 aut
1236 1262 1409 1292 avarus
1442 1251 1524 1292 aut
1562 1245 1817 1293 maledicus

310 1323 390 1363 aut
414 1316 621 1364 ebriosus
645 1324 726 1364 aut
749 1335 919 1382 rapax,
944 1336 1045 1365 cum
1070 1318 1170 1365 eius
1194 1317 1319 1365 modi
1342 1335 1424 1366 nec
1447 1316 1595 1365 cibum
1620 1335 1817 1374 sumere,

307 1390 705 1453 ingemescendo
741 1390 1021 1438 admonens
1057 1408 1173 1437 curn
1209 1397 1403 1454 quanto
1438 1389 1663 1453 periculo
1698 1406 1815 1436 con-

309 1465 594 1508 vivaremur
623 1479 738 1508 cum
772 1465 843 1508 eis
872 1465 959 1526 qui
982 1462 1063 1508 vel
1085 1466 1138 1508 in
1161 1462 1395 1509 domibus
1421 1462 1814 1508 inebriarentur.

310 1533 439 1598 Legi
463 1537 621 1580 etiam
643 1533 769 1581 illud
799 1534 937 1597 quod
957 1552 1060 1581 non
1088 1534 1242 1598 longo
1261 1532 1529 1580 intervallo
1549 1535 1783 1596 sequitur
1805 1549 1817 1580 ε

310 1606 470 1653 Nolite
492 1624 650 1653 errare
666 1625 686 1659 ,·
727 1623 874 1670 neque
883 1605 1208 1671 fornicatores
1231 1623 1378 1671 neque
1399 1604 1540 1652 idolis
1569 1604 1817 1652 servientes

307 1695 454 1743 neque
486 1678 686 1725 adulteri
716 1695 863 1743 neque
894 1679 1055 1726 molles
1086 1696 1233 1744 neque
1264 1677 1574 1724 masculorum
1605 1674 1817 1724 concubi-

307 1757 428 1797 tores
446 1768 593 1815 neque
597 1749 746 1815 fures
764 1767 911 1815 neque
930 1749 1065 1796 avari
1083 1767 1229 1814 neque
1247 1748 1415 1796 ebriosi
1432 1765 1579 1813 neque
1602 1747 1818 1796 maledici

307 1839 455 1887 neque
476 1829 687 1887 raptores
709 1839 901 1886 regnum
925 1821 999 1868 dei
1015 1820 1333 1886 possidebunt.
1399 1819 1464 1866 Et
1491 1821 1605 1867 haec
1628 1819 1813 1884 quidem

292 1893 489 1959 fuistis,
527 1893 609 1941 sed
648 1893 794 1942 abluti
831 1892 960 1950 estis,
998 1893 1081 1941 sed
1117 1891 1360 1957 iustificati
1396 1891 1508 1940 estis
1545 1891 1595 1939 in
1633 1891 1817 1939 nomine

305 1965 480 2013 domini
502 1966 613 2013 Iesu
641 1965 816 2013 Christi
840 1972 883 2013 et
905 1965 1073 2030 spiritu
1100 1964 1175 2012 dei
1200 1964 1362 2012 nostri.
1430 1964 1627 2023 Quibus
1652 1963 1817 2021 lectis,

307 2040 412 2087 dixi
470 2045 529 2085 ut
585 2039 969 2085 considerarent
1025 2055 1126 2102 quo
1183 2037 1336 2084 modo
1381 2043 1593 2100 possent
1639 2034 1815 2082 fideles

306 2112 482 2158 audire
507 2109 590 2158 sed
611 2109 757 2157 abluti
779 2109 907 2166 estis,
933 2112 1019 2173 qui
1044 2108 1209 2156 adhuc
1231 2107 1349 2156 talis
1371 2109 1815 2170 concupiscentiae

306 2183 498 2239 sordes,
534 2189 713 2229 contra
749 2198 874 2245 quas
910 2180 1165 2229 clauditur
1198 2197 1416 2245 regnum
1451 2178 1726 2234 caelorum,
1761 2181 1815 2224 in

306 2255 458 2302 corde
482 2271 592 2310 suo,
612 2254 666 2301 id
700 2261 779 2300 est
801 2257 854 2300 in
875 2256 1118 2300 interiore
1143 2253 1227 2300 dei
1248 2250 1444 2314 templo
1468 2267 1579 2297 esse
1610 2252 1815 2313 patiun-

306 2334 406 2374 tur.
475 2325 603 2372 Inde
649 2332 862 2372 ventum
908 2332 988 2371 est
1033 2325 1099 2372 ad
1140 2323 1266 2371 illud
1310 2321 1627 2386 capitulum:
1694 2319 1814 2368 Con-

515 2515 532 2533 ‘¹
564 2511 589 2548 2
613 2508 713 2549 Cor.
738 2510 797 2549 iii.
820 2510 861 2548 3.
1186 2506 1202 2531 ⁶
1233 2504 1374 2546 Exod.
1397 2505 1526 2545 xxxii.
1555 2507 1619 2544 19.

514 2569 527 2588 ⁶
565 2567 581 2603 l
609 2563 709 2604 Cor.
732 2577 772 2603 v.
801 2566 865 2604 11.
1183 2560 1203 2587 ‘¹
1238 2564 1255 2603 1
1283 2559 1382 2602 Cor.
1405 2561 1461 2600 vi.
1485 2562 1602 2600 9-11.

316 2633 378 2679 74-
