1850 2964
723 213 813 261 ST.
852 213 1260 261 AUGUSTINE

234 351 372 396 omni
416 347 552 394 malo
600 354 654 395 et
697 346 779 394 hic
831 354 885 394 et
942 350 994 393 in
1053 345 1228 394 futuro
1288 344 1509 402 saeculo,
1555 345 1747 393 domini

234 417 553 464 dilectissimi
580 423 633 463 et
660 416 1120 463 desiderantissimi
1145 414 1350 461 fratres.

671 620 769 668 No,
795 626 856 668 62
894 619 1008 683 (Ep.
1038 618 1318 684 CCLXIX)

249 729 633 771 BEATISSIMO
664 729 745 770 AC
775 729 1170 770 VENERABILI
1212 728 1445 771 FRATRI
1486 727 1563 769 ET
1602 725 1751 768 CON-

369 795 721 836 SACERDOTI
755 793 1022 836 NOBILIO
1054 792 1467 835 AUGUSTINUS

301 914 468 960 Tanta
502 921 579 961 est
613 913 924 960 sollemnitas
960 914 1024 961 ad
1061 931 1215 977 quam
1250 926 1335 960 me
1373 912 1585 960 affectus
1623 919 1748 959 tuae

241 981 578 1028 fraternitatis
617 985 819 1038 invitat,
858 989 917 1028 ut
955 982 1308 1045 corpusculum
1346 998 1520 1028 meum
1559 981 1625 1028 ad
1661 996 1749 1027 vos

241 1049 472 1097 traheret
514 1049 764 1106 voluntas,
806 1054 900 1096 nisi
942 1057 1149 1097 teneret
1188 1050 1470 1096 infirmitas.
1541 1048 1750 1096 Possem

242 1122 432 1174 venire,
474 1122 512 1164 si
553 1118 714 1165 hiems
755 1136 857 1164 non
898 1125 1068 1174 esset3
1126 1126 1327 1181 possem
1369 1117 1594 1164 hiemem
1634 1132 1753 1163 con-

241 1194 493 1242 temnere,
522 1190 561 1232 si
587 1190 782 1233 iuvenis
812 1203 975 1233 essem
1000 1202 1011 1242 3
1059 1194 1149 1233 aut
1180 1189 1316 1232 enim
1345 1185 1505 1232 ferret
1531 1189 1752 1250 rigorem

242 1258 486 1318 temporis
512 1253 678 1301 fervor
701 1258 885 1301 aetatis
909 1262 997 1300 aut
1023 1261 1340 1317 temperaret
1372 1252 1531 1318 frigus
1566 1255 1752 1300 aetatis

243 1321 409 1369 fervor
439 1326 664 1369 aestatis.
756 1322 902 1369 Nunc
921 1322 1090 1369 hieme
1111 1326 1210 1369 iter
1236 1329 1345 1369 tam
1371 1321 1624 1386 prolixum
1650 1337 1753 1368 non

244 1390 427 1437 suffero
468 1408 583 1437 cum
622 1394 911 1437 annositate
950 1390 1136 1455 algida,
1178 1408 1333 1454 quam
1378 1407 1580 1437 mecum
1625 1387 1753 1445 fero,

245 1459 449 1506 domine
486 1460 799 1515 beatissime,
838 1466 1012 1505 sancte
1063 1476 1119 1505 ac
1164 1458 1465 1506 venerabilis
1504 1456 1664 1505 frater
1700 1463 1755 1504 et

245 1528 590 1574 consacerdos.
671 1526 1044 1573 Salutationem
1081 1528 1311 1574 debitam
1353 1527 1513 1574 reddo
1555 1528 1751 1572 meritis

245 1598 346 1641 tuis
371 1611 382 1651 3
433 1595 652 1641 salutem
683 1612 801 1642 vero
837 1611 1008 1642 meam
1038 1595 1340 1642 commendo
1369 1595 1604 1658 precibus
1634 1596 1754 1650 tuis,

246 1679 460 1726 poscens
498 1670 551 1710 et
581 1667 690 1726 ipse
729 1680 757 1709 a
799 1664 1021 1719 domino,
1058 1671 1116 1710 ut
1161 1664 1538 1710 dedicationem
1573 1668 1754 1710 tantae

247 1730 470 1778 fabricae
495 1735 632 1794 pacis
657 1735 968 1794 prosperitas
993 1739 1348 1795 prosequatur.

309 1856 328 1875 ‘¹
359 1852 613 1904 Augustine
642 1854 787 1892 writes
822 1854 1034 1904 excusing
1069 1851 1251 1893 himself
1280 1866 1338 1892 on
1372 1851 1571 1904 grounds
1606 1850 1657 1892 of
1685 1851 1754 1891 his

250 1919 334 1958 age
356 1906 446 1946 and
467 1906 711 1947 feebleness
733 1906 824 1947 and
847 1907 896 1947 of
914 1907 988 1947 the
1011 1909 1164 1947 winter
1186 1920 1358 1955 season‚
1380 1907 1498 1947 from
1519 1905 1755 1957 attending

251 1962 326 2001 the
349 1961 602 2001 dedication
627 1962 676 2001 of
695 1975 722 2001 a
745 1962 926 2002 church.
991 1961 1197 2002 Nobilius
1222 1963 1257 2002 is
1282 1965 1360 2002 not
1383 1961 1549 2002 known
1573 1959 1663 2000 and
1687 1960 1755 2000 his

252 2029 383 2056 name
413 2015 519 2056 does
550 2020 628 2056 not
656 2015 890 2057 elsewhere
920 2030 1101 2068 appear.
1164 2016 1298 2056 From
1328 2015 1518 2056 internal
1547 2014 1756 2056 evidence

253 2071 339 2110 this
365 2084 555 2122 appears
581 2074 627 2111 to
653 2070 708 2111 be
734 2084 901 2123 among
927 2071 1001 2110 the
1026 2070 1112 2111 last
1137 2069 1284 2111 letters
1310 2070 1564 2123 Augustine
1589 2072 1754 2110 wrote:

252 2125 327 2165 the
355 2127 606 2177 remaining
634 2124 761 2165 letter
789 2127 834 2165 in
863 2126 937 2165 the
966 2124 1184 2178 complete
1212 2124 1444 2166 collection
1473 2126 1508 2165 is
1535 2124 1653 2165 from
1681 2123 1757 2164 the

262 2659 356 2708 526
