1850 2964
745 144 837 192 ST.
875 143 1283 192 AUGUSTINE

264 295 398 326 esses
436 285 489 325 et
523 277 648 325 talia
681 278 911 342 gerenda
944 279 1241 340 susciperes.
1328 275 1608 323 Confirmet
1643 275 1769 323 deus

263 347 401 410 quod
457 363 550 409 per
607 353 662 392 te
722 352 963 408 operatus
1024 352 1103 392 est
1160 345 1320 392 nobis.
1389 344 1581 407 Accipe
1637 341 1770 390 hanc

263 414 626 461 salutationem
665 421 893 460 nostram
935 420 988 459 et
1028 420 1174 459 tuam
1214 413 1426 477 dignare
1464 411 1767 475 rependere.

266 481 407 529 Sicut
440 481 564 528 mihi
599 485 798 544 scripsit
839 480 999 527 frater
1048 481 1157 527 Nov
1147 488 1294 536 atus,
1331 483 1439 544 egit
1473 487 1532 527 ut
1563 496 1648 526 me
1685 495 1772 526 ex-

263 550 501 596 cellentia
547 557 599 596 et
647 550 865 596 eruditio
910 556 1001 596 tua
1048 552 1205 595 etiam
1249 552 1302 594 in
1345 551 1473 595 meis
1518 546 1771 611 opusculis

262 626 449 665 nosset.
520 617 571 664 Si
609 634 729 681 ergo
765 617 937 681 legisti
973 633 1105 680 quae
1137 617 1299 673 dedit,
1332 633 1428 681 ego
1459 632 1664 680 quoque
1693 618 1769 661 in-

263 689 407 732 notui
453 687 778 732 interioribus
822 688 923 731 tuis
967 686 1213 740 sensibus,
1259 701 1362 731 non
1408 683 1629 731 multum
1673 683 1771 730 dis-

263 754 472 817 plicens,
510 761 761 817 quantum
804 756 1057 809 existimo,
1097 756 1137 799 si
1183 755 1511 816 propensiore
1553 754 1769 798 caritate

266 839 419 886 quam
441 825 716 868 severitate
736 821 922 885 legisti.
974 821 1089 868 Non
1109 828 1187 868 est
1204 820 1425 867 multum
1445 820 1537 868 sed
1552 819 1773 867 multum

263 897 486 954 gratum,
508 893 547 936 si
567 907 658 953 pro
678 889 863 936 litteris
884 893 1068 936 nostris
1091 896 1144 936 et
1163 888 1240 935 his
1263 896 1317 936 et
1335 888 1430 935 illis
1451 905 1606 935 unam
1626 888 1771 935 nobis

265 958 537 1021 epistulam
567 958 767 1005 reddas.
838 957 1013 1004 Saluto
1047 960 1203 1004 etiam
1232 960 1417 1021 pignus
1448 959 1604 1020 pacis,
1635 955 1773 1019 quod

267 1027 472 1074 domino
509 1027 606 1073 deo
641 1033 814 1072 nostro
857 1026 1131 1073 adiuvante
1167 1024 1384 1073 feliciter
1419 1027 1677 1088 accepisti,
1713 1039 1775 1070 ea

266 1094 538 1142 dilectione
564 1111 666 1159 qua
689 1095 869 1142 debeo.

702 1288 796 1335 No.
825 1293 886 1335 51
910 1288 1025 1352 (Ep.
1053 1287 1335 1352 ccxxxi)

277 1396 689 1439 ALGLSTINLS
742 1396 986 1438 SERKLS
1026 1396 1276 1438 CHRISTI
1328 1395 1780 1438 MEMBRORUM-

396 1462 526 1513 QLE
613 1462 862 1503 CHRIS'II
950 1462 1150 1503 DARIO
1237 1461 1408 1504 FILIO
1497 1459 1779 1503 MEMBRO

394 1527 644 1569 CHRISTI
678 1528 746 1568 IN
776 1527 914 1568 IPSO
946 1527 1245 1569 SALLTEM

331 1636 482 1695 Quod
526 1638 809 1699 acceperim
852 1635 1074 1682 libenter
1116 1635 1316 1683 litteras
1359 1643 1494 1692 tuas,
1535 1651 1655 1682 mea
1695 1650 1775 1682 re-

267 1708 455 1767 scripta
480 1705 664 1752 indicio
692 1720 801 1751 esse
827 1703 1045 1752 voluisti.
1114 1705 1247 1751 Ecce
1272 1705 1493 1752 rescribo
1520 1711 1574 1751 et
1598 1711 1777 1750 tamen

265 1776 522 1836 rescriptis
574 1772 668 1820 hoc
718 1773 943 1820 indicare
994 1790 1097 1820 non
1146 1790 1353 1836 possum
1403 1771 1486 1820 vel
1534 1775 1644 1819 istis
1694 1770 1777 1818 vel

268 1841 582 1904 quibuslibet
640 1840 766 1897 aliis,
823 1845 927 1888 sive
998 1842 1224 1888 breviter
1280 1845 1384 1888 sive
1441 1840 1777 1905 prolixissime

268 1911 519 1966 scribam3
572 1926 741 1973 neque
777 1913 913 1956 enim
948 1917 1038 1956 aut
1071 1913 1245 1973 paucis
1280 1917 1371 1957 aut
1402 1909 1576 1956 multis
1610 1909 1776 1956 verbis

336 2058 354 2076 ‘²
387 2052 457 2093 Ps.
480 2051 598 2093 lxvii.
620 2055 690 2094 29.

332 2108 347 2132 ⁶
377 2107 483 2148 This
500 2107 660 2159 phrase
674 2120 815 2147 seems
832 2111 877 2148 to
895 2106 1035 2160 imply
1049 2107 1147 2148 that
1162 2107 1365 2148 Darius's
1381 2121 1476 2154 son,
1490 2105 1775 2154 verimodus,

273 2161 363 2202 had
395 2162 507 2202 been
537 2176 563 2202 a
594 2162 779 2214 hostage
810 2162 924 2202 until
954 2162 1027 2202 the
1058 2175 1192 2214 peace
1213 2162 1319 2202 with
1348 2162 1424 2202 the
1453 2161 1656 2202 Vandals
1684 2173 1776 2202 was

276 2216 446 2269 signed.
511 2216 556 2257 If
573 2230 621 2257 50
643 2217 751 2268 (and
772 2216 846 2257 the
868 2216 1011 2257 words
1033 2230 1151 2257 seem
1172 2221 1218 2257 10
1239 2216 1435 2258 demand
1455 2216 1542 2257 this
1565 2218 1777 2269 interpre-

274 2272 451 2323 tation),
474 2271 597 2311 there
619 2273 652 2311 is
675 2285 732 2311 no
754 2271 880 2311 other
903 2273 1102 2312 mention
1124 2271 1173 2311 of
1190 2273 1236 2312 it.

340 2331 354 2350 ⁶
387 2325 439 2365 In
475 2326 542 2366 his
575 2326 700 2378 reply
732 2326 895 2366 Darius
933 2325 1021 2366 had
1052 2325 1286 2378 expressed
1321 2326 1389 2367 his
1422 2325 1538 2378 hope
1572 2325 1670 2366 that
1702 2324 1778 2365 the

274 2393 409 2432 peace
448 2394 487 2419 w
493 2381 555 2420 1111
595 2381 669 2421 the
709 2379 911 2420 Vandals
951 2380 1099 2421 110111ᾶ
1139 2381 1193 2421 be
1231 2384 1496 2433 permanent
1533 2379 1624 2420 and
1671 2378 1777 2420 asks

279 2435 531 2487 Augustine
552 2439 598 2475 to
619 2435 727 2475 send
749 2435 818 2475 for
841 2435 908 2475 his
929 2435 1107 2487 perusal
1129 2449 1155 2476 a
1175 2448 1292 2488 copy
1312 2436 1363 2476 of
1379 2435 1454 2476 the
1481 2433 1776 2486 Confessions.

275 2489 344 2529 He
366 2489 459 2530 3150
476 2494 574 2530 56111
593 2503 715 2530 501116
733 2489 973 2530 medicines
994 2494 1039 2530 to
1064 2489 1167 2542 help
1188 2490 1469 2544 Augustine
1458 2503 1504 2530 in
1525 2489 1592 2531 his
1613 2488 1776 2537 illness‚

275 2543 365 2584 and
386 2544 508 2584 these
530 2558 604 2585 are
625 2544 807 2585 alluded
828 2548 873 2585 to
893 2548 941 2585 at
959 2544 1035 2585 the
1055 2503 1167 2585 endp
1163 2544 1214 2586 of
1228 2544 1303 2586 the
1323 2543 1464 2586 letter.

275 2610 369 2657 446
