1866 2964
771 181 861 228 ST.
900 181 1308 229 AUGUSTINE

285 313 451 377 diligit
478 314 653 369 fixum,
690 331 791 360 non
828 330 880 360 se
917 315 1075 361 videri
1113 315 1177 360 ab
1204 313 1329 370 aliis,
1355 331 1470 361 cum
1507 314 1601 362 hoc
1637 314 1796 371 facit3

285 397 487 443 videtur
524 400 747 452 omnino,
786 403 838 442 et
878 413 905 442 a
945 397 1127 459 quibus
1165 397 1324 443 videri
1361 414 1464 444 non
1501 398 1793 444 arbitratur.

286 477 387 525 Sed
413 495 529 525 ecce
554 478 717 525 lateat
745 486 797 525 et
824 496 850 524 a
876 481 1080 525 nemine
1106 478 1369 525 hominum
1394 479 1647 535 videatur,
1673 479 1797 543 quid

285 559 440 607 faciet
478 561 541 607 de
575 560 658 607 illo
693 561 913 623 desuper
946 564 1253 623 inspectore,
1288 578 1443 624 quem
1475 561 1639 608 latere
1672 560 1798 608 nihil

284 643 500 705 potest?
570 644 653 689 An
698 644 814 690 ideo
860 643 1120 706 putandus
1168 650 1247 690 est
1293 661 1395 690 non
1440 644 1632 699 videre,
1678 646 1799 707 quia

285 732 432 771 tanto
464 726 604 772 videt
634 728 915 788 patientius
948 733 1141 788 quanto
1173 726 1495 788 sapientius?
1565 725 1645 772 Illi
1676 742 1798 789 ergo

286 811 469 854 timeat
506 815 681 854 sancta
717 806 908 854 femina
945 807 1230 870 displicere,
1265 824 1330 854 ne
1366 807 1490 854 velit
1524 811 1630 855 viro
1663 807 1798 854 male

285 889 487 952 placere
513 905 523 945 3
571 889 713 936 illum
743 893 939 954 cogitet
969 893 1138 936 omnia
1168 891 1360 945 videre,
1389 907 1454 937 ne
1484 889 1608 937 velit
1637 893 1799 936 virum

286 971 418 1018 male
459 973 647 1020 videre.
721 972 858 1019 Illius
898 989 1121 1036 namque
1162 980 1215 1019 et
1252 976 1305 1018 in
1343 972 1437 1019 hac
1475 990 1628 1019 causa
1666 989 1800 1019 com-

286 1055 560 1102 mendatus
596 1062 673 1101 est
710 1058 879 1111 timor,
917 1056 1003 1101 ubi
1041 1058 1286 1117 scriptum
1324 1062 1437 1101 est:
1505 1053 1801 1102 Abominatio

287 1144 354 1183 est
382 1137 566 1184 domino
595 1137 803 1201 dqfigens
832 1138 1028 1184 oculum.
1100 1137 1318 1196 Quando
1349 1154 1470 1201 ergo
1500 1136 1649 1184 simul
1678 1139 1799 1184 estis

286 1222 339 1264 in
375 1219 585 1266 ecclesia
622 1227 675 1266 et
718 1221 1026 1283 ubicumque
1076 1221 1162 1266 ubi
1199 1227 1251 1266 et
1286 1223 1377 1265 viri
1412 1227 1550 1275 sunt,
1583 1222 1801 1266 invicem

288 1309 511 1348 vestram
529 1303 828 1365 pudicitiam
847 1303 1102 1349 custodite
1128 1318 1139 1358 ;
1177 1302 1302 1349 deus
1323 1305 1477 1358 enim,
1496 1305 1583 1365 qui
1599 1301 1803 1349 habitat

288 1387 340 1430 in
365 1386 522 1440 vobis,
549 1388 706 1431 etiam
730 1388 828 1431 isto
852 1386 1004 1432 modo
1029 1402 1114 1431 vos
1140 1385 1365 1431 custodit
1391 1401 1454 1430 ex
1479 1385 1635 1431 vobis.

214 1474 262 1511 11
354 1467 422 1513 Et
462 1470 502 1513 si
539 1466 688 1523 hanc,
727 1468 791 1515 de
831 1484 931 1530 qua
969 1466 1165 1530 loquor,
1204 1466 1335 1513 oculi
1371 1466 1714 1530 petulantiam
1751 1469 1804 1512 in

291 1549 459 1612 aliqua
507 1557 734 1596 vestrum
783 1550 1124 1605 adverteritis,
1173 1552 1349 1596 statim
1397 1549 1691 1605 admonete,
1737 1565 1803 1595 ne

290 1640 472 1694 coepta
495 1633 907 1696 progrediantur,
931 1632 1021 1679 sed
1045 1649 1071 1678 e
1094 1635 1326 1694 proximo
1349 1635 1681 1696 corrigantur.
1750 1630 1802 1678 Si

291 1722 465 1760 autem
507 1722 559 1761 et
597 1722 714 1777 post
755 1715 1156 1761 admonitionem
1195 1717 1384 1761 iterum
1424 1713 1504 1760 vel
1543 1713 1640 1760 alio
1679 1730 1804 1777 quo-

289 1814 507 1860 cumque
537 1797 618 1844 die
646 1797 699 1844 id
725 1800 891 1859 ipsum
920 1813 1034 1843 eam
1061 1795 1231 1843 facere
1259 1797 1505 1852 videritis,
1532 1799 1635 1842 iam
1661 1795 1803 1843 velut

289 1879 609 1926 vulneratam
629 1880 909 1926 sanandam
930 1880 1115 1942 prodat
1142 1895 1496 1941 quaecumque
1517 1877 1612 1925 hoc
1633 1881 1804 1941 potuit

289 1965 534 2018 invenire,
571 1965 708 2024 prius
746 1969 923 2008 tamen
961 1969 1014 2008 et
1053 1961 1200 2008 alteri
1237 1960 1317 2007 vel
1353 1964 1540 2007 tertiae
1593 1961 1803 2008 demon-

290 2051 522 2100 stratam,
554 2052 611 2091 ut
641 2045 856 2091 duarum
886 2043 966 2090 vel
995 2047 1150 2090 trium
1186 2047 1345 2106 possit
1376 2060 1462 2090 ore
1492 2046 1719 2090 convinci
1749 2050 1803 2090 et

289 2130 607 2189 competenti
644 2130 921 2173 severitate
959 2125 1230 2173 coherceri.
1302 2125 1409 2172 Nec
1445 2142 1531 2172 vos
1567 2126 1802 2172 iudicetis

292 2226 400 2255 esse
439 2208 716 2265 malivolas,
742 2209 945 2272 quando
983 2208 1076 2254 hoc
1113 2208 1384 2264 indicatis;
1425 2211 1588 2272 magis
1613 2210 1802 2271 quippe

352 2342 370 2360 α
405 2337 533 2377 Prov.
555 2338 670 2376 xxiv.
698 2339 762 2377 12.

357 2391 372 2415 ²²
406 2391 540 2461 ξων,
573 2393 709 2460 xxvii3
745 2394 815 2439 ΞΟ,
847 2392 961 2431 after
990 2391 1064 2432 the
1096 2390 1388 2443 Septuagint:
1425 2392 1638 2442 βδέλυγμα
1669 2391 1803 2441 Κυρίῳ

295 2450 750 2548 στῗρξῑςίένοῐῗ.φίῗῖλίιὲἲ
773 2503 799 2541 2
823 2499 924 2541 Cor.
946 2501 1003 2541 vi.
1032 2502 1096 2540 16.

352 2555 371 2579 ‘⁷¹
403 2555 536 2596 Deut.
559 2557 644 2596 xix.
673 2559 753 2603 153
791 2555 923 2596 Matt.
946 2556 1064 2596 xviii.
1093 2557 1173 2602 16;
1205 2557 1230 2595 2
1255 2553 1355 2596 Cor.
1378 2555 1466 2595 xiii.
1495 2558 1531 2595 1.

297 2635 393 2686 390
