1866 2964
211 1105 230 1144 1

753 152 844 202 ST.
882 154 1291 202 AUGUSTINE

269 288 442 336 dinem
465 288 823 335 commendare
846 290 1055 334 minime
1078 286 1380 351 neglegatis.
1451 286 1594 334 Deus
1616 287 1776 332 omni·-

265 364 449 420 potens
493 360 865 420 praestantiam
909 364 1054 402 tuam
1098 356 1242 402 bonis
1289 355 1521 401 omnibus
1567 361 1776 418 augeat,

265 425 469 472 domine
496 428 680 471 eximie
708 431 761 471 et
784 427 968 471 merito
992 427 1200 487 insignis
1227 430 1383 487 atque
1408 426 1663 469 carissime
1688 421 1773 468 fili.

733 628 827 676 No.
857 635 915 676 35
943 629 1059 692 (Ep.
1088 627 1321 694 CXLIV)

258 739 535 781 DOMINIS
594 737 1125 780 HONORABILIBUS
1184 738 1262 778 ET
1334 736 1580 778 MERITO
1639 735 1776 778 SUS-

392 803 712 845 CIPIENDIS
755 802 1119 844 CARISSIMIS
1164 802 1245 844 AC
1285 800 1775 843 DESIDERANTls-

391 869 565 911 SIMIS
633 867 991 909 FRATRIBUS
1060 867 1128 908 IN
1197 866 1367 908 OMNI
1439 865 1770 907 HONORUM

389 934 612 975 GRADU
676 931 1094 974 CIRTENSIBUS
1166 930 1579 973 AUGUSTINUS
1651 930 1774 971 EPI-

389 998 623 1040 SCOPUS

324 1096 374 1144 Si
418 1097 471 1143 id
513 1096 651 1160 quod
687 1099 740 1142 in
784 1103 955 1142 vestra
998 1098 1207 1142 civitate
1254 1111 1346 1141 nos
1387 1097 1614 1159 graviter
1656 1110 1773 1140 con-

258 1166 518 1221 tristabat,
556 1165 888 1226 absumptum
930 1171 1025 1220 est,
1062 1167 1103 1210 si
1140 1164 1329 1210 duritia
1364 1163 1526 1210 cordis
1562 1161 1773 1208 humani

257 1236 498 1280 resistens
532 1231 978 1279 manifestissimae
1014 1239 1067 1279 et
1101 1232 1324 1295 quodam
1355 1231 1508 1278 modo
1537 1229 1773 1294 publicae

257 1304 462 1348 veritati
516 1301 746 1347 eiusdem
796 1303 1032 1363 potentia
1082 1303 1313 1346 veritatis
1367 1302 1532 1346 evicta
1584 1305 1680 1354 est,
1731 1301 1773 1344 si

257 1373 391 1432 sapit
445 1368 661 1416 dulcedo
715 1371 852 1431 pacis
907 1371 1223 1431 unitatisque
1277 1370 1461 1414 caritas
1515 1383 1618 1413 non
1669 1369 1773 1412 iam

256 1438 553 1484 reverberat
603 1436 772 1483 oculos
823 1439 1035 1492 saucios,
1086 1436 1178 1483 sed
1227 1452 1375 1482 sanos
1424 1434 1664 1482 inlustrat
1714 1450 1772 1480 ac

257 1513 486 1569 vegetat,
525 1522 629 1551 non
667 1511 787 1551 sunt
825 1503 952 1550 haec
992 1520 1147 1566 opera
1185 1511 1360 1550 nostra
1398 1503 1491 1550 sed
1529 1503 1630 1558 dei,
1669 1519 1771 1548 non

255 1573 383 1620 haec
413 1572 647 1619 humanis
680 1573 860 1635 opibus
892 1576 1098 1618 omnino
1129 1573 1411 1619 tribuerem
1440 1588 1535 1617 nec
1565 1574 1624 1627 si,
1655 1587 1771 1616 cum

257 1642 394 1704 apud
418 1658 505 1687 vos
533 1657 775 1696 essemus,
801 1647 949 1687 tanta
974 1643 1233 1686 conversio
1258 1639 1601 1686 multitudinis
1626 1639 1770 1684 nobis

255 1710 582 1773 loquentibus
611 1716 664 1755 et
688 1708 1012 1755 hortantibus
1038 1711 1346 1771 proveniret.
1417 1707 1528 1754 Hoc
1554 1709 1663 1770 agit
1686 1705 1771 1752 ille

257 1786 310 1825 et
351 1777 520 1833 efficit,
563 1780 649 1840 qui
689 1793 782 1839 per
821 1779 1077 1823 ministros
1119 1793 1234 1823 suos
1275 1792 1447 1822 rerum
1487 1778 1642 1839 signis
1685 1791 1772 1821 ex-

255 1850 503 1893 trinsecus
540 1846 802 1901 admonet,
836 1845 988 1891 rebus
1024 1851 1200 1891 autem
1233 1847 1354 1906 ipsis
1387 1860 1480 1907 per
1513 1859 1568 1890 se
1601 1845 1770 1905 ipsum

255 1917 559 1961 intrinsecus
615 1913 782 1960 docet.
853 1912 961 1959 Nec
1015 1913 1132 1960 ideo
1186 1915 1378 1976 pigrius
1432 1913 1625 1958 moveri
1678 1926 1769 1956 nos

320 2060 339 2078 ⁰
371 2054 456 2094 For
481 2053 603 2094 Cirta
626 2067 675 2093 or
699 2052 991 2094 Constantine
1014 2065 1086 2093 see
1109 2065 1152 2104 p.
1171 2055 1226 2094 98
1244 2067 1287 2093 n.
1305 2067 1346 2093 a.
1399 2051 1517 2092 That
1539 2055 1657 2092 town
1677 2063 1769 2091 was

261 2108 527 2161 apparently
544 2122 571 2148 a
583 2107 846 2160 stronghold
864 2108 915 2147 of
928 2107 1179 2155 Donatism,
1194 2106 1283 2147 and
1297 2108 1352 2147 its
1366 2106 1576 2147 Donatist
1590 2104 1768 2157 bishop,

263 2163 519 2210 Petssianus,
556 2176 646 2202 was
683 2161 922 2202 addressed
959 2161 1022 2213 by
1058 2162 1313 2214 Augustine
1348 2163 1393 2201 in
1429 2165 1517 2201 two
1552 2161 1769 2207 treatises‚

266 2217 431 2258 Contra
475 2218 646 2257 litteras
689 2216 908 2256 Petiliam
951 2215 1039 2255 and
1083 2215 1149 2256 De
1190 2216 1320 2256 unico
1362 2215 1577 2267 baptismo
1618 2218 1772 2254 contra

260 2271 565 2318 Petilianum;
607 2271 744 2318 there,
774 2275 864 2318 too,
889 2284 916 2310 a
940 2270 1149 2310 Donatist
1171 2269 1346 2310 council
1369 2283 1459 2310 was
1483 2267 1586 2310 held
1615 2270 1661 2309 in
1684 2270 1769 2309 396

261 2327 364 2378 (Ep.
407 2328 549 2366 xxxiv.
593 2326 651 2377 5).
712 2326 844 2365 After
883 2324 958 2365 the
1000 2324 1272 2365 Conference
1311 2325 1363 2364 of
1397 2327 1496 2371 411,
1538 2323 1769 2363 Donatists

261 2381 361 2421 who
382 2379 558 2420 refused
579 2384 625 2419 to
641 2379 736 2431 join
758 2379 833 2419 the
855 2378 1057 2419 Catholic
1078 2378 1257 2419 Church
1277 2392 1391 2419 were
1411 2376 1604 2429 exposed
1624 2380 1671 2418 to
1691 2376 1768 2416 the

258 2434 343 2475 full
370 2437 522 2487 rig-our
553 2435 604 2474 of
630 2434 704 2473 the
737 2433 836 2481 law,
872 2433 961 2473 and
996 2435 1041 2474 in
1075 2433 1281 2484 January
1314 2435 1397 2473 412
1433 2432 1660 2472 Honorius
1690 2444 1769 2470 an-

263 2489 413 2529 nulled
441 2488 499 2528 all
526 2490 730 2540 rescripts
758 2490 802 2528 in
828 2487 943 2528 their
968 2488 1127 2527 favour
1152 2486 1282 2539 (Cod.
1313 2487 1468 2527 Theod.
1495 2487 1581 2526 xvi.
1609 2489 1650 2526 5.
1678 2485 1768 2536 52).

262 2544 325 2584 At
351 2543 474 2584 Cirta
499 2542 621 2584 itself
641 2556 667 2582 a
695 2541 881 2583 Council
906 2543 958 2582 of
981 2541 1228 2582 Numidian
1254 2541 1438 2594 bishops
1464 2553 1554 2581 was
1581 2539 1683 2581 held
1709 2552 1768 2580 on

264 2614 356 2656 258
