1866 2964
766 204 856 254 ST.
895 204 1304 254 AUGUSTINE

279 339 558 384 miscentur
596 354 727 401 quae
766 341 971 385 omnino
1002 341 1179 385 sentiri
1205 345 1489 402 nequeunt,
1519 339 1614 384 nisi
1649 336 1789 384 audi-

277 434 443 473 torem
468 430 826 490 pronuntiator
850 426 1106 474 informet.

225 522 252 560 4
342 514 558 562 Sextum
597 532 719 562 sane
758 515 961 572 librum,
1002 533 1157 579 quem
1198 516 1531 563 emendatum
1568 518 1789 579 repperi,

276 605 363 651 ubi
393 612 471 652 est
500 608 660 651 omnis
691 604 885 652 fructus
915 612 1220 661 ceterorum,
1249 622 1352 652 non
1379 604 1553 652 distuli
1579 607 1790 651 mittere

276 696 478 740 caritati
514 701 674 750 tuae3
729 693 956 741 fortassis
993 697 1102 757 ipse
1139 701 1285 741 tuam
1321 711 1422 741 non
1457 693 1678 741 multum
1714 709 1791 740 re-

277 782 443 846 fugiat
467 787 793 847 gravitatem.
866 783 997 829 Nam
1022 787 1306 846 superiores
1332 786 1558 847 quinque
1582 786 1665 829 vix
1690 782 1790 828 filio

276 879 449 918 nostro
488 879 540 918 et
577 873 887 919 condiacono
926 872 1140 928 Iuliano,
1177 876 1419 935 quoniam
1456 879 1509 919 et
1544 875 1654 935 ipse
1689 874 1791 917 iam

277 961 540 1007 nobiscum
580 960 901 1017 commilitat,
941 961 1083 1024 digni
1122 960 1342 1008 lectione
1380 960 1461 1007 vel
1499 964 1791 1025 cognitione

277 1050 602 1096 videbuntur.
675 1050 843 1108 Quem
882 1050 1091 1113 quidem
1129 1068 1230 1096 non
1269 1051 1433 1097 audeo
1472 1050 1640 1097 dicere
1678 1049 1790 1113 plus

279 1155 393 1185 amo
434 1156 588 1202 quam
627 1147 699 1195 te,
739 1142 859 1202 quia
897 1156 991 1186 nec
1030 1143 1280 1186 veraciter
1318 1140 1447 1195 dico,
1486 1140 1578 1187 sed
1614 1146 1792 1187 tamen

278 1228 443 1275 audeo
474 1228 642 1275 dicere
673 1227 785 1291 plus
817 1229 1051 1275 desidero
1083 1246 1238 1292 quam
1267 1236 1337 1275 te.
1410 1228 1602 1275 Mirum
1632 1228 1792 1275 videri

276 1324 467 1380 potest,
495 1334 648 1380 quem
676 1318 739 1365 ad
772 1318 982 1364 modum
1020 1334 1174 1381 quem
1199 1321 1392 1380 pariter
1418 1334 1550 1374 amo,
1576 1316 1791 1380 amplius

276 1406 565 1453 desiderem
589 1421 601 1463 3
650 1407 740 1453 sed
770 1405 864 1453 hoc
892 1406 1016 1453 mihi
1046 1405 1170 1454 facit
1199 1423 1314 1470 spes
1346 1406 1558 1470 amplior
1587 1406 1791 1453 videndi

278 1511 432 1550 eum;
489 1484 616 1558 puto
658 1499 794 1542 enim
835 1496 973 1559 quod
1012 1499 1052 1542 si
1093 1496 1158 1543 ad
1211 1513 1301 1542 nos
1356 1503 1409 1542 te
1458 1496 1671 1542 iubente
1711 1488 1811 1542 vel=

277 1587 523 1631 mittente
559 1587 776 1641 venerit,
812 1592 866 1631 et
899 1584 994 1631 hoc
1036 1583 1193 1632 faciet
1236 1585 1373 1648 quod
1408 1584 1791 1632 adulescentem

276 1673 445 1729 decet,
460 1676 683 1720 maxime
701 1677 819 1736 quia
835 1674 1059 1720 nondum
1077 1677 1206 1720 curis
1222 1675 1496 1721 maioribus
1511 1674 1794 1724 detinetur,

277 1770 331 1809 et
379 1769 433 1809 te
483 1765 649 1825 ipsum
698 1762 822 1808 mihi
872 1763 1163 1826 expeditius
1214 1763 1523 1826 adportabit.
1595 1762 1791 1822 Quibus

277 1854 500 1898 numeris
529 1855 811 1899 consistant
839 1868 1012 1898 versus
1043 1852 1294 1908 Davidici,
1323 1869 1424 1899 non
1452 1855 1644 1915 scripsi,
1673 1854 1792 1915 quia

282 1943 467 1987 nescio.
515 1940 696 2004 Neque
719 1944 855 1987 enim
874 1958 936 1987 ex
956 1941 1197 1988 Hebraea
1215 1940 1408 2005 lingua,
1425 1958 1580 2005 quam
1596 1943 1791 2005 ignoro,

275 2032 446 2092 potuit
476 2033 633 2076 etiam
662 2047 900 2076 numeros
930 2033 1181 2093 interpres
1213 2033 1517 2093 exprimere,
1545 2046 1610 2076 ne
1639 2031 1791 2076 metri

276 2122 585 2165 necessitate
619 2120 682 2165 ab
713 2120 1089 2182 interpretandi
1132 2122 1351 2166 veritate
1390 2118 1604 2182 amplius
1636 2135 1790 2182 quam

274 2211 404 2254 ratio
426 2210 801 2254 sententiarum
823 2209 1042 2264 sinebat,
1064 2208 1262 2272 digredi
1283 2215 1568 2272 cogeretur.
1625 2207 1790 2254 Certis

276 2303 453 2343 tamen
501 2313 585 2343 eos
633 2304 867 2343 constare
921 2300 1144 2344 numeris
1195 2297 1347 2344 credo
1400 2296 1495 2343 illis
1543 2299 1629 2360 qui
1677 2312 1791 2342 eam

277 2384 505 2449 linguam
529 2386 688 2448 probe
713 2385 917 2432 callent.
988 2387 1197 2433 Amavit
1223 2389 1358 2433 enim
1384 2389 1456 2433 vir
1479 2386 1562 2433 ille
1586 2393 1791 2433 sanctus

279 2478 523 2520 musicam
555 2477 693 2537 piam
725 2481 779 2521 et
809 2477 861 2521 in
893 2491 954 2521 ea
983 2475 1155 2522 studia
1184 2492 1274 2522 nos
1306 2477 1468 2540 magis
1498 2478 1607 2538 ipse
1638 2491 1792 2539 quam

279 2562 407 2609 ullus
469 2562 594 2609 alius
655 2570 832 2610 auctor
892 2564 1142 2611 accendit.
1213 2563 1451 2611 Habitetis
1509 2581 1685 2611 omnes
1744 2567 1795 2610 in

285 2639 378 2693 196
