1866 2964
768 169 859 217 ST.
898 170 1305 218 AUGUSTINE

283 316 486 363 quoque
512 315 523 355 3
562 317 681 346 nam
711 307 765 347 te
795 299 962 347 fateor
985 300 1133 347 huius
1158 304 1231 347 rei
1257 318 1367 348 esse
1393 301 1789 366 diligentiorem,

280 385 344 414 ne
393 369 517 431 quid
562 367 695 415 forte
744 372 974 415 nesciens
1020 372 1277 432 rescriptis
1329 369 1494 416 adhuc
1548 371 1784 418 debeam.

281 436 413 482 Nam
449 435 573 482 mihi
607 453 710 482 non
744 435 868 483 facit
904 437 1057 483 fidem
1094 444 1201 483 tam
1241 437 1518 484 multorum
1557 455 1788 495 onerum,

280 520 412 566 quae
460 504 733 567 aliquando
779 522 1186 561 numeraveram,
1228 512 1337 551 tam
1382 509 1656 568 repentina
1701 507 1788 554 de-

279 575 481 633 positio,
528 576 758 635 quamvis
808 580 863 619 te
923 576 1178 636 accepisse
1231 573 1431 620 litteras
1484 591 1626 621 meas
1684 592 1786 621 non

279 640 530 696 dubitem,
555 657 770 704 quarum
793 644 1037 703 rescripta
1062 659 1163 687 non
1186 640 1368 688 habeo.

838 825 931 872 No.
960 830 987 871 3
1013 825 1128 888 (Ep.
1154 825 1223 889 X)

655 945 965 986 NEBRIDIO
997 945 1409 987 AUGUSTINUS

231 1050 248 1088 1
341 1042 634 1106 Numquam
666 1060 830 1106 aeque
862 1046 1134 1106 quicquam
1165 1050 1370 1089 tuarum
1399 1046 1785 1106 inquisitionum

275 1128 357 1157 me
382 1115 434 1156 in
458 1112 732 1174 cogitando
755 1115 925 1158 tenuit
950 1119 1275 1158 aestuantem
1302 1118 1458 1174 atque
1481 1111 1624 1168 illud,
1648 1112 1785 1175 quod

273 1182 634 1225 recentissimis
672 1182 773 1225 tuis
810 1179 995 1226 litteris
1029 1179 1150 1243 legi,
1184 1180 1271 1226 ubi
1310 1197 1400 1226 nos
1437 1183 1605 1243 arguis
1647 1180 1786 1242 quod

275 1246 538 1294 consulere
580 1246 933 1311 neglegamus,
975 1254 1033 1293 ut
1074 1264 1175 1293 una
1216 1248 1360 1293 nobis
1402 1251 1570 1294 vivere
1612 1247 1780 1294 liceat.

278 1314 531 1378 Magnum
574 1319 765 1361 crimen
809 1322 880 1370 et,
917 1318 1011 1361 nisi
1047 1314 1232 1361 falsum
1275 1322 1429 1371 esset,
1470 1315 1785 1377 periculosis-

274 1386 474 1429 simum.
543 1382 645 1430 Sed
688 1400 802 1430 cum
846 1383 1214 1446 perprobabilis
1256 1386 1388 1430 ratio
1431 1383 1783 1430 demonstrare

274 1452 510 1498 videatur
532 1450 613 1497 hic
636 1469 726 1497 nos
750 1455 920 1514 potius
945 1468 1098 1514 quam
1124 1450 1422 1514 Carthagini
1446 1451 1526 1497 vel
1550 1455 1706 1498 etiam
1730 1455 1782 1497 in

272 1536 389 1565 rure
414 1536 476 1565 ex
500 1523 759 1566 sententia
779 1536 928 1582 posse
951 1520 1160 1583 degere,
1183 1519 1305 1582 quid
1326 1526 1499 1565 tecum
1523 1536 1691 1583 agam,
1711 1523 1782 1566 mi

274 1587 505 1643 Nebridi,
547 1604 750 1649 prorsus
793 1591 1017 1634 incertus
1061 1604 1188 1633 sum.
1260 1587 1573 1633 Mittaturne
1618 1588 1684 1634 ad
1726 1594 1781 1634 te

274 1656 798 1702 accommodissimum
837 1656 931 1702 tibi
970 1654 1300 1701 vehiculum?
1369 1654 1501 1701 Nam
1539 1656 1783 1702 basterna

271 1726 478 1770 innoxie
511 1730 565 1769 te
598 1722 714 1770 vehi
746 1740 893 1785 posse
927 1730 1101 1769 noster
1134 1723 1442 1769 Lucinianus
1475 1730 1652 1770 auctor
1685 1730 1779 1770 est.

273 1792 347 1837 At
393 1798 614 1837 matrem
663 1795 850 1854 cogito,
898 1798 957 1837 ut
1006 1808 1137 1854 quae
1188 1791 1474 1837 absentiam
1522 1794 1631 1837 sani
1679 1809 1780 1838 non

272 1857 492 1915 ferebat,
510 1859 730 1905 inbecilli
748 1859 911 1905 multo
929 1862 1095 1905 minus
1117 1875 1226 1905 esse
1244 1858 1480 1905 laturam.
1542 1858 1780 1905 Veniam—

271 1944 335 1973 ne
365 1930 473 1989 ipse
505 1928 569 1974 ad
600 1945 685 1973 vos
710 1928 727 1973 ?
796 1928 868 1973 At
896 1926 977 1973 hic
1006 1934 1143 1982 sunt,
1169 1930 1255 1989 qui
1280 1943 1448 1990 neque
1474 1930 1646 1973 venire
1671 1944 1780 1974 me—

272 2012 386 2041 cum
407 2002 601 2058 queant
627 2002 681 2041 et
706 2012 830 2058 quos
856 1996 1092 2041 deserere
1118 1994 1262 2041 nefas
1286 2002 1482 2057 putem.
1546 1994 1623 2041 Tu
1643 1999 1776 2041 enim

272 2070 419 2124 potes
467 2070 519 2109 et
566 2064 702 2125 apud
754 2070 897 2109 tuam
950 2070 1180 2108 mentem
1233 2065 1458 2109 suaviter
1508 2061 1742 2110 habitare
1768 2079 1779 2118 3

272 2129 323 2176 hi
360 2148 479 2177 vero
516 2138 574 2177 ut
609 2132 745 2178 idem
783 2133 996 2193 possint,
1032 2133 1299 2194 satagitur.
1367 2131 1564 2177 Eamne
1601 2132 1778 2178 crebro

273 2205 326 2244 et
352 2200 560 2245 redeam
591 2206 644 2245 et
671 2216 805 2245 nunc
832 2206 1023 2254 tecum,
1051 2216 1184 2244 nunc
1212 2216 1327 2244 cum
1354 2201 1473 2261 ipsis
1501 2201 1594 2244 sim
1618 2199 1636 2245 ?
1704 2200 1777 2246 At

271 2265 365 2312 hoc
388 2284 555 2330 neque.
581 2266 728 2312 simul
751 2283 919 2329 neque
945 2283 1007 2312 ex
1032 2269 1292 2312 sententia
1314 2269 1482 2312 vivere
1508 2273 1601 2313 est.
1660 2266 1774 2313 Non

335 2391 353 2409 ⁰
385 2386 455 2438 By
488 2387 563 2426 the
597 2391 786 2426 autumn
821 2388 871 2426 of
899 2389 983 2426 388
1018 2387 1271 2438 Augustine
1306 2385 1394 2425 had
1429 2385 1589 2426 retired
1623 2390 1669 2426 to
1706 2386 1774 2427 his

274 2442 421 2481 native
445 2445 579 2488 town,
600 2441 807 2492 Tagaste‚
829 2441 973 2480 where
998 2441 1052 2480 he
1073 2454 1163 2480 was
1189 2442 1433 2492 practising
1456 2440 1530 2480 the
1555 2443 1773 2481 monastic

276 2494 352 2535 life
381 2496 486 2535 with
517 2510 541 2535 a
571 2497 655 2535 few
684 2495 866 2536 friends.
936 2495 1177 2536 Nebridius
1206 2508 1297 2535 was
1326 2508 1426 2535 now
1456 2499 1502 2535 at
1531 2495 1774 2548 Carthage,

279 2549 361 2589 but
380 2563 470 2590 was
491 2549 579 2590 still
600 2552 785 2590 anxious
806 2554 851 2590 to
865 2549 960 2602 join
982 2550 1056 2590 the
1075 2563 1314 2602 company.

276 2620 303 2661 8
