<?xml version="1.0" encoding="UTF-8"?>
<!DOCTYPE html PUBLIC "-//W3C//DTD XHTML 1.0 Transitional//EN"
    "http://www.w3.org/TR/xhtml1/DTD/xhtml1-transitional.dtd">
<html xmlns="http://www.w3.org/1999/xhtml" xml:lang="en" lang="en">
 <head>
  <title>
</title>
<meta http-equiv="Content-Type" content="text/html;charset=utf-8" />
  <meta name='ocr-system' content='tesseract 3.04.00' />
  <meta name='ocr-capabilities' content='ocr_page ocr_carea ocr_par ocr_line ocrx_word'/>
</head>
<body>
  <div class='ocr_page' id='page_1' title='image "./selectletters00auguuoft_0324.png"; bbox 0 0 1866 2964; ppageno 0'>
   <div class='ocr_carea' id='block_1_1' title="bbox 769 168 1307 216">
    <p class='ocr_par' dir='ltr' id='par_1_1' title="bbox 769 168 1307 216">
     <span class='ocr_line' id='line_1_1' title="bbox 769 168 1307 216; baseline 0.002 -1"><span class='ocrx_word' id='word_1_1' title='bbox 769 168 860 216; x_wconf 89' lang='lat' dir='ltr'><strong>ST.</strong></span> <span class='ocrx_word' id='word_1_2' title='bbox 898 169 1307 216; x_wconf 88' lang='lat' dir='ltr'><strong>AUGUSTINE</strong></span> 
     </span>
    </p>
   </div>
   <div class='ocr_carea' id='block_1_2' title="bbox 236 300 1803 2069">
    <p class='ocr_par' dir='ltr' id='par_1_2' title="bbox 280 300 1802 1317">
     <span class='ocr_line' id='line_1_2' title="bbox 280 300 1791 365; baseline 0.003 -19"><span class='ocrx_word' id='word_1_3' title='bbox 280 300 431 364; x_wconf 80' lang='lat' dir='ltr'><strong>ipsum</strong></span> <span class='ocrx_word' id='word_1_4' title='bbox 484 307 584 347; x_wconf 81' lang='lat' dir='ltr'><strong>erat</strong></span> <span class='ocrx_word' id='word_1_5' title='bbox 641 300 899 365; x_wconf 78' lang='lat' dir='ltr'><strong>sapientiae</strong></span> <span class='ocrx_word' id='word_1_6' title='bbox 949 301 1066 348; x_wconf 77' lang='lat' dir='ltr'><strong>scire</strong></span> <span class='ocrx_word' id='word_1_7' title='bbox 1115 301 1247 349; x_wconf 78' lang='lat' dir='ltr'><strong>cuius</strong></span> <span class='ocrx_word' id='word_1_8' title='bbox 1296 309 1414 350; x_wconf 78' lang='lat' dir='ltr'><strong>esset</strong></span> <span class='ocrx_word' id='word_1_9' title='bbox 1471 303 1556 350; x_wconf 78' lang='lat' dir='ltr'><strong>hoc</strong></span> <span class='ocrx_word' id='word_1_10' title='bbox 1605 303 1791 351; x_wconf 77' lang='lat' dir='ltr'><strong>donum.</strong></span> 
     </span>
     <span class='ocr_line' id='line_1_3' title="bbox 281 368 1795 433; baseline 0.003 -19"><span class='ocrx_word' id='word_1_11' title='bbox 281 368 526 415; x_wconf 88' lang='lat' dir='ltr'><strong>Polemon</strong></span> <span class='ocrx_word' id='word_1_12' title='bbox 565 386 685 433; x_wconf 88' lang='lat' dir='ltr'><strong>ergo</strong></span> <span class='ocrx_word' id='word_1_13' title='bbox 724 373 764 416; x_wconf 91' lang='lat' dir='ltr'><strong>si</strong></span> <span class='ocrx_word' id='word_1_14' title='bbox 804 387 867 416; x_wconf 79' lang='lat' dir='ltr'><strong>ex</strong></span> <span class='ocrx_word' id='word_1_15' title='bbox 904 369 1160 418; x_wconf 78' lang='lat' dir='ltr'><strong>luxurioso</strong></span> <span class='ocrx_word' id='word_1_16' title='bbox 1198 373 1464 418; x_wconf 90' lang='lat' dir='ltr'><strong>continens</strong></span> <span class='ocrx_word' id='word_1_17' title='bbox 1500 371 1687 429; x_wconf 87' lang='lat' dir='ltr'><strong>factus,</strong></span> <span class='ocrx_word' id='word_1_18' title='bbox 1720 376 1795 419; x_wconf 88' lang='lat' dir='ltr'><strong>ita</strong></span> 
     </span>
     <span class='ocr_line' id='line_1_4' title="bbox 281 436 1796 503; baseline 0.003 -20"><span class='ocrx_word' id='word_1_19' title='bbox 281 440 433 483; x_wconf 90' lang='lat' dir='ltr'><strong>sciret</strong></span> <span class='ocrx_word' id='word_1_20' title='bbox 458 440 598 483; x_wconf 88' lang='lat' dir='ltr'><strong>cuius</strong></span> <span class='ocrx_word' id='word_1_21' title='bbox 626 445 762 485; x_wconf 92' lang='lat' dir='ltr'><strong>esset</strong></span> <span class='ocrx_word' id='word_1_22' title='bbox 790 436 886 484; x_wconf 91' lang='lat' dir='ltr'><strong>hoc</strong></span> <span class='ocrx_word' id='word_1_23' title='bbox 911 438 1119 494; x_wconf 91' lang='lat' dir='ltr'><strong>donum,</strong></span> <span class='ocrx_word' id='word_1_24' title='bbox 1145 445 1204 486; x_wconf 92' lang='lat' dir='ltr'><strong>ut</strong></span> <span class='ocrx_word' id='word_1_25' title='bbox 1235 456 1353 485; x_wconf 91' lang='lat' dir='ltr'><strong>eum</strong></span> <span class='ocrx_word' id='word_1_26' title='bbox 1379 440 1589 487; x_wconf 89' lang='lat' dir='ltr'><strong>abiectis</strong></span> <span class='ocrx_word' id='word_1_27' title='bbox 1621 457 1796 503; x_wconf 89' lang='lat' dir='ltr'><strong>super-</strong></span> 
     </span>
     <span class='ocr_line' id='line_1_5' title="bbox 280 506 1795 569; baseline 0.003 -18"><span class='ocrx_word' id='word_1_28' title='bbox 280 506 572 551; x_wconf 88' lang='lat' dir='ltr'><strong>stitiom&#39;bus</strong></span> <span class='ocrx_word' id='word_1_29' title='bbox 600 509 835 569; x_wconf 86' lang='lat' dir='ltr'><strong>gentium</strong></span> <span class='ocrx_word' id='word_1_30' title='bbox 861 509 946 569; x_wconf 94' lang='lat' dir='ltr'><strong>pie</strong></span> <span class='ocrx_word' id='word_1_31' title='bbox 974 506 1183 563; x_wconf 90' lang='lat' dir='ltr'><strong>coleret,</strong></span> <span class='ocrx_word' id='word_1_32' title='bbox 1210 524 1313 553; x_wconf 90' lang='lat' dir='ltr'><strong>non</strong></span> <span class='ocrx_word' id='word_1_33' title='bbox 1339 507 1502 554; x_wconf 91' lang='lat' dir='ltr'><strong>solum</strong></span> <span class='ocrx_word' id='word_1_34' title='bbox 1529 508 1795 555; x_wconf 85' lang='lat' dir='ltr'><strong>continens</strong></span> 
     </span>
     <span class='ocr_line' id='line_1_6' title="bbox 281 573 1796 641; baseline 0.003 -22"><span class='ocrx_word' id='word_1_35' title='bbox 281 573 373 619; x_wconf 91' lang='lat' dir='ltr'><strong>sed</strong></span> <span class='ocrx_word' id='word_1_36' title='bbox 411 577 569 619; x_wconf 89' lang='lat' dir='ltr'><strong>etiam</strong></span> <span class='ocrx_word' id='word_1_37' title='bbox 606 577 856 621; x_wconf 81' lang='lat' dir='ltr'><strong>veraciter</strong></span> <span class='ocrx_word' id='word_1_38' title='bbox 893 578 1094 637; x_wconf 88' lang='lat' dir='ltr'><strong>sapiens</strong></span> <span class='ocrx_word' id='word_1_39' title='bbox 1134 582 1188 622; x_wconf 92' lang='lat' dir='ltr'><strong>et</strong></span> <span class='ocrx_word' id='word_1_40' title='bbox 1224 575 1497 622; x_wconf 78' lang='lat' dir='ltr'><strong>salubriter</strong></span> <span class='ocrx_word' id='word_1_41' title='bbox 1532 575 1796 641; x_wconf 86' lang='lat' dir='ltr'><strong>religiosus</strong></span> 
     </span>
     <span class='ocr_line' id='line_1_7' title="bbox 283 642 1796 706; baseline 0.003 -19"><span class='ocrx_word' id='word_1_42' title='bbox 283 644 548 698; x_wconf 79' lang='lat' dir='ltr'><strong>existeret,</strong></span> <span class='ocrx_word' id='word_1_43' title='bbox 587 642 725 705; x_wconf 90' lang='lat' dir='ltr'><strong>quod</strong></span> <span class='ocrx_word' id='word_1_44' title='bbox 764 645 811 688; x_wconf 95' lang='lat' dir='ltr'><strong>ei</strong></span> <span class='ocrx_word' id='word_1_45' title='bbox 848 660 951 689; x_wconf 89' lang='lat' dir='ltr'><strong>non</strong></span> <span class='ocrx_word' id='word_1_46' title='bbox 987 650 1194 690; x_wconf 89' lang='lat' dir='ltr'><strong>tantum</strong></span> <span class='ocrx_word' id='word_1_47' title='bbox 1233 644 1299 690; x_wconf 89' lang='lat' dir='ltr'><strong>ad</strong></span> <span class='ocrx_word' id='word_1_48' title='bbox 1335 648 1620 706; x_wconf 86' lang='lat' dir='ltr'><strong>praesentis</strong></span> <span class='ocrx_word' id='word_1_49' title='bbox 1658 647 1796 691; x_wconf 87' lang='lat' dir='ltr'><strong>vitae</strong></span> 
     </span>
     <span class='ocr_line' id='line_1_8' title="bbox 282 708 1797 759; baseline 0.003 -5"><span class='ocrx_word' id='word_1_50' title='bbox 282 708 610 757; x_wconf 78' lang='lat' dir='ltr'><strong>honestatem</strong></span> <span class='ocrx_word' id='word_1_51' title='bbox 662 727 839 756; x_wconf 83' lang='lat' dir='ltr'><strong>verum</strong></span> <span class='ocrx_word' id='word_1_52' title='bbox 892 718 946 757; x_wconf 94' lang='lat' dir='ltr'><strong>et</strong></span> <span class='ocrx_word' id='word_1_53' title='bbox 998 711 1063 758; x_wconf 90' lang='lat' dir='ltr'><strong>ad</strong></span> <span class='ocrx_word' id='word_1_54' title='bbox 1104 710 1309 758; x_wconf 90' lang='lat' dir='ltr'><strong>futurae</strong></span> <span class='ocrx_word' id='word_1_55' title='bbox 1350 711 1797 759; x_wconf 86' lang='lat' dir='ltr'><strong>immortalitatem</strong></span> 
     </span>
     <span class='ocr_line' id='line_1_9' title="bbox 284 777 1798 844; baseline 0.003 -21"><span class='ocrx_word' id='word_1_56' title='bbox 284 777 493 824; x_wconf 82' lang='lat' dir='ltr'><strong>valeret.</strong></span> <span class='ocrx_word' id='word_1_57' title='bbox 564 777 771 837; x_wconf 75' lang='lat' dir='ltr'><strong>Quanto</strong></span> <span class='ocrx_word' id='word_1_58' title='bbox 804 782 970 825; x_wconf 90' lang='lat' dir='ltr'><strong>minus</strong></span> <span class='ocrx_word' id='word_1_59' title='bbox 1004 782 1161 842; x_wconf 88' lang='lat' dir='ltr'><strong>igitur</strong></span> <span class='ocrx_word' id='word_1_60' title='bbox 1193 778 1317 825; x_wconf 90' lang='lat' dir='ltr'><strong>mihi</strong></span> <span class='ocrx_word' id='word_1_61' title='bbox 1351 780 1598 844; x_wconf 81' lang='lat' dir='ltr'><strong>adrogare</strong></span> <span class='ocrx_word' id='word_1_62' title='bbox 1632 781 1798 828; x_wconf 88' lang='lat' dir='ltr'><strong>debeo</strong></span> 
     </span>
     <span class='ocr_line' id='line_1_10' title="bbox 283 847 1799 912; baseline 0.003 -21"><span class='ocrx_word' id='word_1_63' title='bbox 283 849 665 892; x_wconf 75' lang='lat' dir='ltr'><strong>conversionem</strong></span> <span class='ocrx_word' id='word_1_64' title='bbox 693 850 847 893; x_wconf 92' lang='lat' dir='ltr'><strong>istam</strong></span> <span class='ocrx_word' id='word_1_65' title='bbox 875 854 1100 894; x_wconf 79' lang='lat' dir='ltr'><strong>vestram</strong></span> <span class='ocrx_word' id='word_1_66' title='bbox 1129 847 1209 894; x_wconf 87' lang='lat' dir='ltr'><strong>vel</strong></span> <span class='ocrx_word' id='word_1_67' title='bbox 1237 847 1412 910; x_wconf 90' lang='lat' dir='ltr'><strong>populi</strong></span> <span class='ocrx_word' id='word_1_68' title='bbox 1440 852 1614 905; x_wconf 91' lang='lat' dir='ltr'><strong>vestri,</strong></span> <span class='ocrx_word' id='word_1_69' title='bbox 1644 865 1799 912; x_wconf 91' lang='lat' dir='ltr'><strong>quam</strong></span> 
     </span>
     <span class='ocr_line' id='line_1_11' title="bbox 283 915 1800 979; baseline 0.003 -20"><span class='ocrx_word' id='word_1_70' title='bbox 283 915 427 960; x_wconf 90' lang='lat' dir='ltr'><strong>nobis</strong></span> <span class='ocrx_word' id='word_1_71' title='bbox 468 915 620 961; x_wconf 88' lang='lat' dir='ltr'><strong>modo</strong></span> <span class='ocrx_word' id='word_1_72' title='bbox 659 919 950 971; x_wconf 85' lang='lat' dir='ltr'><strong>nuntiastis,</strong></span> <span class='ocrx_word' id='word_1_73' title='bbox 991 932 1124 978; x_wconf 90' lang='lat' dir='ltr'><strong>quae</strong></span> <span class='ocrx_word' id='word_1_74' title='bbox 1162 932 1246 962; x_wconf 90' lang='lat' dir='ltr'><strong>me</strong></span> <span class='ocrx_word' id='word_1_75' title='bbox 1286 933 1381 962; x_wconf 91' lang='lat' dir='ltr'><strong>nec</strong></span> <span class='ocrx_word' id='word_1_76' title='bbox 1419 915 1664 979; x_wconf 87' lang='lat' dir='ltr'><strong>loquente</strong></span> <span class='ocrx_word' id='word_1_77' title='bbox 1704 933 1800 963; x_wconf 90' lang='lat' dir='ltr'><strong>nec</strong></span> 
     </span>
     <span class='ocr_line' id='line_1_12' title="bbox 284 981 1801 1045; baseline 0.002 -18"><span class='ocrx_word' id='word_1_78' title='bbox 284 981 468 1028; x_wconf 89' lang='lat' dir='ltr'><strong>saltem</strong></span> <span class='ocrx_word' id='word_1_79' title='bbox 496 990 771 1045; x_wconf 87' lang='lat' dir='ltr'><strong>praesente</strong></span> <span class='ocrx_word' id='word_1_80' title='bbox 799 983 974 1045; x_wconf 90' lang='lat' dir='ltr'><strong>procul</strong></span> <span class='ocrx_word' id='word_1_81' title='bbox 1002 984 1157 1030; x_wconf 93' lang='lat' dir='ltr'><strong>dubio</strong></span> <span class='ocrx_word' id='word_1_82' title='bbox 1186 984 1427 1031; x_wconf 76' lang='lat' dir='ltr'><strong>divinitus</strong></span> <span class='ocrx_word' id='word_1_83' title='bbox 1456 983 1594 1032; x_wconf 89' lang='lat' dir='ltr'><strong>facta</strong></span> <span class='ocrx_word' id='word_1_84' title='bbox 1623 992 1719 1041; x_wconf 87' lang='lat' dir='ltr'><strong>est,</strong></span> <span class='ocrx_word' id='word_1_85' title='bbox 1747 988 1801 1031; x_wconf 91' lang='lat' dir='ltr'><strong>in</strong></span> 
     </span>
     <span class='ocr_line' id='line_1_13' title="bbox 285 1050 1800 1115; baseline 0.003 -19"><span class='ocrx_word' id='word_1_86' title='bbox 285 1051 468 1113; x_wconf 91' lang='lat' dir='ltr'><strong>quibus</strong></span> <span class='ocrx_word' id='word_1_87' title='bbox 509 1054 759 1098; x_wconf 79' lang='lat' dir='ltr'><strong>veraciter</strong></span> <span class='ocrx_word' id='word_1_88' title='bbox 797 1050 936 1098; x_wconf 83' lang='lat' dir='ltr'><strong>facta</strong></span> <span class='ocrx_word' id='word_1_89' title='bbox 977 1052 1088 1098; x_wconf 83' lang='lat' dir='ltr'><strong>est!</strong></span> <span class='ocrx_word' id='word_1_90' title='bbox 1160 1051 1271 1098; x_wconf 92' lang='lat' dir='ltr'><strong>Hoc</strong></span> <span class='ocrx_word' id='word_1_91' title='bbox 1309 1055 1486 1115; x_wconf 93' lang='lat' dir='ltr'><strong>itaque</strong></span> <span class='ocrx_word' id='word_1_92' title='bbox 1524 1056 1800 1115; x_wconf 86' lang='lat' dir='ltr'><strong>praecipue</strong></span> 
     </span>
     <span class='ocr_line' id='line_1_14' title="bbox 285 1118 1802 1184; baseline 0.003 -20"><span class='ocrx_word' id='word_1_93' title='bbox 285 1122 595 1181; x_wconf 84' lang='lat' dir='ltr'><strong>cognoscite,</strong></span> <span class='ocrx_word' id='word_1_94' title='bbox 649 1118 744 1166; x_wconf 94' lang='lat' dir='ltr'><strong>hoc</strong></span> <span class='ocrx_word' id='word_1_95' title='bbox 797 1123 881 1182; x_wconf 93' lang='lat' dir='ltr'><strong>pie</strong></span> <span class='ocrx_word' id='word_1_96' title='bbox 936 1119 1299 1183; x_wconf 89' lang='lat' dir='ltr'><strong>humiliterque</strong></span> <span class='ocrx_word' id='word_1_97' title='bbox 1354 1124 1597 1184; x_wconf 88' lang='lat' dir='ltr'><strong>cogitate.</strong></span> <span class='ocrx_word' id='word_1_98' title='bbox 1668 1121 1802 1177; x_wconf 92' lang='lat' dir='ltr'><strong>Deo,</strong></span> 
     </span>
     <span class='ocr_line' id='line_1_15' title="bbox 284 1185 1801 1252; baseline 0.003 -20"><span class='ocrx_word' id='word_1_99' title='bbox 284 1185 486 1243; x_wconf 88' lang='lat' dir='ltr'><strong>fratres,</strong></span> <span class='ocrx_word' id='word_1_100' title='bbox 512 1186 610 1234; x_wconf 90' lang='lat' dir='ltr'><strong>deo</strong></span> <span class='ocrx_word' id='word_1_101' title='bbox 634 1190 826 1251; x_wconf 85' lang='lat' dir='ltr'><strong>gratias</strong></span> <span class='ocrx_word' id='word_1_102' title='bbox 853 1191 1010 1252; x_wconf 87' lang='lat' dir='ltr'><strong>agite,</strong></span> <span class='ocrx_word' id='word_1_103' title='bbox 1036 1188 1191 1235; x_wconf 88' lang='lat' dir='ltr'><strong>deum</strong></span> <span class='ocrx_word' id='word_1_104' title='bbox 1215 1192 1417 1245; x_wconf 90' lang='lat' dir='ltr'><strong>timete,</strong></span> <span class='ocrx_word' id='word_1_105' title='bbox 1443 1205 1508 1236; x_wconf 92' lang='lat' dir='ltr'><strong>ne</strong></span> <span class='ocrx_word' id='word_1_106' title='bbox 1534 1188 1801 1245; x_wconf 88' lang='lat' dir='ltr'><strong>deficiatis,</strong></span> 
     </span>
     <span class='ocr_line' id='line_1_16' title="bbox 286 1256 873 1317; baseline 0.003 -17"><span class='ocrx_word' id='word_1_107' title='bbox 286 1262 476 1311; x_wconf 88' lang='lat' dir='ltr'><strong>amate,</strong></span> <span class='ocrx_word' id='word_1_108' title='bbox 501 1263 559 1302; x_wconf 88' lang='lat' dir='ltr'><strong>ut</strong></span> <span class='ocrx_word' id='word_1_109' title='bbox 583 1256 873 1317; x_wconf 88' lang='lat' dir='ltr'><strong>proficiatis.</strong></span> 
     </span>
    </p>

    <p class='ocr_par' dir='ltr' id='par_1_3' title="bbox 236 1322 1803 2069">
     <span class='ocr_line' id='line_1_17' title="bbox 236 1322 1801 1387; baseline 0.003 -20"><span class='ocrx_word' id='word_1_110' title='bbox 236 1329 260 1368; x_wconf 91' lang='grc'><strong>3</strong></span> <span class='ocrx_word' id='word_1_111' title='bbox 351 1322 402 1368; x_wconf 89' lang='lat' dir='ltr'><strong>Si</strong></span> <span class='ocrx_word' id='word_1_112' title='bbox 445 1330 621 1370; x_wconf 89' lang='lat' dir='ltr'><strong>autem</strong></span> <span class='ocrx_word' id='word_1_113' title='bbox 664 1323 829 1370; x_wconf 88' lang='lat' dir='ltr'><strong>adhuc</strong></span> <span class='ocrx_word' id='word_1_114' title='bbox 872 1324 1119 1387; x_wconf 90' lang='lat' dir='ltr'><strong>quosdam</strong></span> <span class='ocrx_word' id='word_1_115' title='bbox 1162 1341 1303 1370; x_wconf 88' lang='lat' dir='ltr'><strong>amor</strong></span> <span class='ocrx_word' id='word_1_116' title='bbox 1343 1323 1560 1371; x_wconf 86' lang='lat' dir='ltr'><strong>hominis</strong></span> <span class='ocrx_word' id='word_1_117' title='bbox 1603 1324 1801 1372; x_wconf 88' lang='lat' dir='ltr'><strong>occulte</strong></span> 
     </span>
     <span class='ocr_line' id='line_1_18' title="bbox 286 1391 1802 1457; baseline 0.003 -21"><span class='ocrx_word' id='word_1_118' title='bbox 286 1398 528 1454; x_wconf 89' lang='lat' dir='ltr'><strong>segregat</strong></span> <span class='ocrx_word' id='word_1_119' title='bbox 589 1399 644 1439; x_wconf 87' lang='lat' dir='ltr'><strong>et</strong></span> <span class='ocrx_word' id='word_1_120' title='bbox 703 1395 856 1439; x_wconf 89' lang='lat' dir='ltr'><strong>timor</strong></span> <span class='ocrx_word' id='word_1_121' title='bbox 915 1391 1132 1439; x_wconf 89' lang='lat' dir='ltr'><strong>hominis</strong></span> <span class='ocrx_word' id='word_1_122' title='bbox 1192 1391 1443 1439; x_wconf 90' lang='lat' dir='ltr'><strong>fallaciter</strong></span> <span class='ocrx_word' id='word_1_123' title='bbox 1502 1400 1802 1457; x_wconf 87' lang='lat' dir='ltr'><strong>congregat,</strong></span> 
     </span>
     <span class='ocr_line' id='line_1_19' title="bbox 287 1460 1803 1524; baseline 0.002 -19"><span class='ocrx_word' id='word_1_124' title='bbox 287 1460 579 1516; x_wconf 84' lang='lat' dir='ltr'><strong>observent,</strong></span> <span class='ocrx_word' id='word_1_125' title='bbox 600 1463 686 1523; x_wconf 91' lang='lat' dir='ltr'><strong>qui</strong></span> <span class='ocrx_word' id='word_1_126' title='bbox 706 1460 835 1507; x_wconf 91' lang='lat' dir='ltr'><strong>tales</strong></span> <span class='ocrx_word' id='word_1_127' title='bbox 853 1468 990 1516; x_wconf 89' lang='lat' dir='ltr'><strong>sunt,</strong></span> <span class='ocrx_word' id='word_1_128' title='bbox 1011 1463 1252 1524; x_wconf 90' lang='lat' dir='ltr'><strong>quoniam</strong></span> <span class='ocrx_word' id='word_1_129' title='bbox 1268 1461 1440 1517; x_wconf 92' lang='lat' dir='ltr'><strong>deum,</strong></span> <span class='ocrx_word' id='word_1_130' title='bbox 1462 1464 1542 1507; x_wconf 91' lang='lat' dir='ltr'><strong>cui</strong></span> <span class='ocrx_word' id='word_1_131' title='bbox 1563 1461 1702 1508; x_wconf 92' lang='lat' dir='ltr'><strong>nuda</strong></span> <span class='ocrx_word' id='word_1_132' title='bbox 1724 1468 1803 1508; x_wconf 90' lang='lat' dir='ltr'><strong>est</strong></span> 
     </span>
     <span class='ocr_line' id='line_1_20' title="bbox 287 1526 1802 1584; baseline 0.003 -12"><span class='ocrx_word' id='word_1_133' title='bbox 287 1526 511 1573; x_wconf 88' lang='lat' dir='ltr'><strong>humana</strong></span> <span class='ocrx_word' id='word_1_134' title='bbox 541 1531 868 1584; x_wconf 90' lang='lat' dir='ltr'><strong>conscientia,</strong></span> <span class='ocrx_word' id='word_1_135' title='bbox 898 1545 993 1575; x_wconf 92' lang='lat' dir='ltr'><strong>nec</strong></span> <span class='ocrx_word' id='word_1_136' title='bbox 1022 1535 1214 1575; x_wconf 87' lang='lat' dir='ltr'><strong>testem</strong></span> <span class='ocrx_word' id='word_1_137' title='bbox 1243 1527 1428 1576; x_wconf 88' lang='lat' dir='ltr'><strong>fallunt</strong></span> <span class='ocrx_word' id='word_1_138' title='bbox 1457 1545 1552 1576; x_wconf 88' lang='lat' dir='ltr'><strong>nec</strong></span> <span class='ocrx_word' id='word_1_139' title='bbox 1580 1529 1802 1576; x_wconf 89' lang='lat' dir='ltr'><strong>iudicem</strong></span> 
     </span>
     <span class='ocr_line' id='line_1_21' title="bbox 287 1594 1802 1660; baseline 0.002 -19"><span class='ocrx_word' id='word_1_140' title='bbox 287 1594 508 1659; x_wconf 87' lang='lat' dir='ltr'><strong>fugiunt.</strong></span> <span class='ocrx_word' id='word_1_141' title='bbox 580 1595 631 1642; x_wconf 89' lang='lat' dir='ltr'><strong>Si</strong></span> <span class='ocrx_word' id='word_1_142' title='bbox 672 1597 795 1659; x_wconf 93' lang='lat' dir='ltr'><strong>quid</strong></span> <span class='ocrx_word' id='word_1_143' title='bbox 835 1604 1010 1643; x_wconf 91' lang='lat' dir='ltr'><strong>autem</strong></span> <span class='ocrx_word' id='word_1_144' title='bbox 1049 1596 1158 1643; x_wconf 92' lang='lat' dir='ltr'><strong>illos</strong></span> <span class='ocrx_word' id='word_1_145' title='bbox 1199 1597 1264 1643; x_wconf 90' lang='lat' dir='ltr'><strong>de</strong></span> <span class='ocrx_word' id='word_1_146' title='bbox 1305 1600 1607 1660; x_wconf 88' lang='lat' dir='ltr'><strong>quaestione</strong></span> <span class='ocrx_word' id='word_1_147' title='bbox 1646 1600 1802 1660; x_wconf 87' lang='lat' dir='ltr'><strong>ipsius</strong></span> 
     </span>
     <span class='ocr_line' id='line_1_22' title="bbox 288 1664 1801 1728; baseline 0.002 -19"><span class='ocrx_word' id='word_1_148' title='bbox 288 1667 500 1710; x_wconf 87' lang='lat' dir='ltr'><strong>unitatis</strong></span> <span class='ocrx_word' id='word_1_149' title='bbox 531 1680 622 1726; x_wconf 92' lang='lat' dir='ltr'><strong>pro</strong></span> <span class='ocrx_word' id='word_1_150' title='bbox 654 1681 777 1711; x_wconf 90' lang='lat' dir='ltr'><strong>suae</strong></span> <span class='ocrx_word' id='word_1_151' title='bbox 809 1664 985 1711; x_wconf 87' lang='lat' dir='ltr'><strong>salutis</strong></span> <span class='ocrx_word' id='word_1_152' title='bbox 1018 1664 1356 1711; x_wconf 90' lang='lat' dir='ltr'><strong>sollicitudine</strong></span> <span class='ocrx_word' id='word_1_153' title='bbox 1387 1672 1674 1728; x_wconf 88' lang='lat' dir='ltr'><strong>permovet,</strong></span> <span class='ocrx_word' id='word_1_154' title='bbox 1705 1664 1801 1712; x_wconf 89' lang='lat' dir='ltr'><strong>hoc</strong></span> 
     </span>
     <span class='ocr_line' id='line_1_23' title="bbox 287 1732 1802 1796; baseline 0.002 -19"><span class='ocrx_word' id='word_1_155' title='bbox 287 1732 399 1788; x_wconf 90' lang='lat' dir='ltr'><strong>sibi,</strong></span> <span class='ocrx_word' id='word_1_156' title='bbox 444 1739 696 1795; x_wconf 92' lang='lat' dir='ltr'><strong>quantum</strong></span> <span class='ocrx_word' id='word_1_157' title='bbox 751 1736 1004 1788; x_wconf 86' lang='lat' dir='ltr'><strong>existimo,</strong></span> <span class='ocrx_word' id='word_1_158' title='bbox 1047 1735 1380 1779; x_wconf 89' lang='lat' dir='ltr'><strong>iustissimum</strong></span> <span class='ocrx_word' id='word_1_159' title='bbox 1439 1740 1802 1796; x_wconf 86' lang='lat' dir='ltr'><strong>extorqueant,</strong></span> 
     </span>
     <span class='ocr_line' id='line_1_24' title="bbox 287 1799 1803 1857; baseline 0.001 -11"><span class='ocrx_word' id='word_1_160' title='bbox 287 1807 346 1846; x_wconf 93' lang='lat' dir='ltr'><strong>ut</strong></span> <span class='ocrx_word' id='word_1_161' title='bbox 378 1800 441 1847; x_wconf 94' lang='lat' dir='ltr'><strong>de</strong></span> <span class='ocrx_word' id='word_1_162' title='bbox 476 1799 725 1847; x_wconf 87' lang='lat' dir='ltr'><strong>catholica</strong></span> <span class='ocrx_word' id='word_1_163' title='bbox 763 1800 991 1857; x_wconf 90' lang='lat' dir='ltr'><strong>ecclesia,</strong></span> <span class='ocrx_word' id='word_1_164' title='bbox 1027 1801 1080 1847; x_wconf 93' lang='lat' dir='ltr'><strong>id</strong></span> <span class='ocrx_word' id='word_1_165' title='bbox 1113 1808 1191 1847; x_wconf 93' lang='lat' dir='ltr'><strong>est</strong></span> <span class='ocrx_word' id='word_1_166' title='bbox 1226 1808 1338 1847; x_wconf 90' lang='lat' dir='ltr'><strong>toto</strong></span> <span class='ocrx_word' id='word_1_167' title='bbox 1375 1802 1498 1848; x_wconf 89' lang='lat' dir='ltr'><strong>orbe</strong></span> <span class='ocrx_word' id='word_1_168' title='bbox 1528 1800 1726 1857; x_wconf 88' lang='lat' dir='ltr'><strong>diffusa,</strong></span> <span class='ocrx_word' id='word_1_169' title='bbox 1750 1801 1803 1848; x_wconf 91' lang='lat' dir='ltr'><strong>id</strong></span> 
     </span>
     <span class='ocr_line' id='line_1_25' title="bbox 288 1869 1803 1932; baseline 0.001 -18"><span class='ocrx_word' id='word_1_170' title='bbox 288 1872 457 1930; x_wconf 87' lang='lat' dir='ltr'><strong>potius</strong></span> <span class='ocrx_word' id='word_1_171' title='bbox 495 1869 708 1916; x_wconf 88' lang='lat' dir='ltr'><strong>credant</strong></span> <span class='ocrx_word' id='word_1_172' title='bbox 744 1869 882 1932; x_wconf 93' lang='lat' dir='ltr'><strong>quod</strong></span> <span class='ocrx_word' id='word_1_173' title='bbox 917 1872 1198 1931; x_wconf 90' lang='lat' dir='ltr'><strong>scripturae</strong></span> <span class='ocrx_word' id='word_1_174' title='bbox 1235 1869 1436 1916; x_wconf 87' lang='lat' dir='ltr'><strong>divinae</strong></span> <span class='ocrx_word' id='word_1_175' title='bbox 1473 1869 1668 1926; x_wconf 86' lang='lat' dir='ltr'><strong>dicunt,</strong></span> <span class='ocrx_word' id='word_1_176' title='bbox 1700 1886 1803 1916; x_wconf 91' lang='lat' dir='ltr'><strong>non</strong></span> 
     </span>
     <span class='ocr_line' id='line_1_26' title="bbox 290 1936 1802 2000; baseline 0.001 -17"><span class='ocrx_word' id='word_1_177' title='bbox 290 1937 427 1999; x_wconf 91' lang='lat' dir='ltr'><strong>quod</strong></span> <span class='ocrx_word' id='word_1_178' title='bbox 470 1936 676 2000; x_wconf 88' lang='lat' dir='ltr'><strong>linguae</strong></span> <span class='ocrx_word' id='word_1_179' title='bbox 720 1936 976 1984; x_wconf 89' lang='lat' dir='ltr'><strong>humanae</strong></span> <span class='ocrx_word' id='word_1_180' title='bbox 1019 1936 1347 1984; x_wconf 91' lang='lat' dir='ltr'><strong>maledicunt.</strong></span> <span class='ocrx_word' id='word_1_181' title='bbox 1419 1937 1501 1984; x_wconf 92' lang='lat' dir='ltr'><strong>De</strong></span> <span class='ocrx_word' id='word_1_182' title='bbox 1536 1940 1647 2000; x_wconf 90' lang='lat' dir='ltr'><strong>ipsa</strong></span> <span class='ocrx_word' id='word_1_183' title='bbox 1682 1954 1802 1984; x_wconf 91' lang='lat' dir='ltr'><strong>vero</strong></span> 
     </span>
     <span class='ocr_line' id='line_1_27' title="bbox 290 2004 1803 2069; baseline 0.001 -18"><span class='ocrx_word' id='word_1_184' title='bbox 290 2006 619 2062; x_wconf 82' lang='lat' dir='ltr'><strong>dissensione,</strong></span> <span class='ocrx_word' id='word_1_185' title='bbox 642 2022 774 2068; x_wconf 91' lang='lat' dir='ltr'><strong>quae</strong></span> <span class='ocrx_word' id='word_1_186' title='bbox 794 2008 930 2052; x_wconf 89' lang='lat' dir='ltr'><strong>inter</strong></span> <span class='ocrx_word' id='word_1_187' title='bbox 950 2004 1180 2052; x_wconf 90' lang='lat' dir='ltr'><strong>homines</strong></span> <span class='ocrx_word' id='word_1_188' title='bbox 1202 2012 1314 2052; x_wconf 88' lang='lat' dir='ltr'><strong>orta</strong></span> <span class='ocrx_word' id='word_1_189' title='bbox 1336 2012 1415 2052; x_wconf 92' lang='lat' dir='ltr'><strong>est</strong></span> <span class='ocrx_word' id='word_1_190' title='bbox 1433 2034 1498 2039; x_wconf 91' lang='lat'>—</span> <span class='ocrx_word' id='word_1_191' title='bbox 1519 2009 1604 2069; x_wconf 94' lang='lat' dir='ltr'><strong>qui</strong></span> <span class='ocrx_word' id='word_1_192' title='bbox 1626 2005 1803 2069; x_wconf 90' lang='lat' dir='ltr'><strong>quales</strong></span> 
     </span>
    </p>
   </div>
   <div class='ocr_carea' id='block_1_3' title="bbox 295 2111 1806 2489">
    <p class='ocr_par' dir='ltr' id='par_1_4' title="bbox 295 2111 1801 2260">
     <span class='ocr_line' id='line_1_28' title="bbox 353 2111 808 2151; baseline 0 0"><span class='ocrx_word' id='word_1_193' title='bbox 353 2117 370 2135; x_wconf 81' lang='lat'><strong>⁰</strong></span> <span class='ocrx_word' id='word_1_194' title='bbox 405 2111 603 2151; x_wconf 84' lang='lat' dir='ltr'><strong>Wisdom</strong></span> <span class='ocrx_word' id='word_1_195' title='bbox 625 2112 715 2151; x_wconf 85' lang='lat' dir='ltr'><strong>viii.</strong></span> <span class='ocrx_word' id='word_1_196' title='bbox 737 2114 808 2151; x_wconf 72' lang='lat'><strong>21.</strong></span> 
     </span>
     <span class='ocr_line' id='line_1_29' title="bbox 355 2163 1801 2218; baseline 0.001 -13"><span class='ocrx_word' id='word_1_197' title='bbox 355 2165 370 2189; x_wconf 61' lang='grc' dir='ltr'><strong>ὸ</strong></span> <span class='ocrx_word' id='word_1_198' title='bbox 405 2166 475 2206; x_wconf 83' lang='lat' dir='ltr'><strong>He</strong></span> <span class='ocrx_word' id='word_1_199' title='bbox 494 2168 528 2206; x_wconf 84' lang='lat' dir='ltr'><strong>is</strong></span> <span class='ocrx_word' id='word_1_200' title='bbox 547 2167 762 2217; x_wconf 85' lang='lat' dir='ltr'><strong>referring</strong></span> <span class='ocrx_word' id='word_1_201' title='bbox 779 2170 825 2205; x_wconf 86' lang='lat' dir='ltr'><strong>to</strong></span> <span class='ocrx_word' id='word_1_202' title='bbox 843 2164 969 2206; x_wconf 86' lang='lat' dir='ltr'><strong>those</strong></span> <span class='ocrx_word' id='word_1_203' title='bbox 989 2165 1219 2206; x_wconf 85' lang='lat' dir='ltr'><strong>Donatists</strong></span> <span class='ocrx_word' id='word_1_204' title='bbox 1238 2165 1337 2205; x_wconf 87' lang='lat' dir='ltr'><strong>who</strong></span> <span class='ocrx_word' id='word_1_205' title='bbox 1356 2164 1445 2206; x_wconf 92' lang='lat' dir='ltr'><strong>had</strong></span> <span class='ocrx_word' id='word_1_206' title='bbox 1465 2169 1543 2206; x_wconf 87' lang='lat' dir='ltr'><strong>not</strong></span> <span class='ocrx_word' id='word_1_207' title='bbox 1560 2169 1636 2218; x_wconf 84' lang='lat' dir='ltr'><strong>yet</strong></span> <span class='ocrx_word' id='word_1_208' title='bbox 1646 2163 1801 2218; x_wconf 88' lang='lat' dir='ltr'><strong>joined</strong></span> 
     </span>
     <span class='ocr_line' id='line_1_30' title="bbox 295 2219 917 2260; baseline -0.002 0"><span class='ocrx_word' id='word_1_209' title='bbox 295 2220 369 2260; x_wconf 86' lang='lat' dir='ltr'><strong>the</strong></span> <span class='ocrx_word' id='word_1_210' title='bbox 392 2219 594 2260; x_wconf 88' lang='lat' dir='ltr'><strong>Catholic</strong></span> <span class='ocrx_word' id='word_1_211' title='bbox 614 2222 917 2260; x_wconf 87' lang='lat' dir='ltr'><strong>communion.</strong></span> 
     </span>
    </p>

    <p class='ocr_par' dir='ltr' id='par_1_5' title="bbox 297 2273 1806 2489">
     <span class='ocr_line' id='line_1_31' title="bbox 401 2273 1804 2326; baseline 0 -12"><span class='ocrx_word' id='word_1_212' title='bbox 401 2274 437 2314; x_wconf 88' lang='lat' dir='ltr'><strong>&#39;l</strong></span> <span class='ocrx_word' id='word_1_213' title='bbox 441 2275 562 2325; x_wconf 68' lang='lat' dir='ltr'><strong>houg</strong></span> <span class='ocrx_word' id='word_1_214' title='bbox 566 2275 592 2314; x_wconf 91' lang='lat' dir='ltr'><strong>h</strong></span> <span class='ocrx_word' id='word_1_215' title='bbox 612 2274 745 2315; x_wconf 89' lang='lat' dir='ltr'><strong>much</strong></span> <span class='ocrx_word' id='word_1_216' title='bbox 762 2274 846 2315; x_wconf 85' lang='lat' dir='ltr'><strong>less</strong></span> <span class='ocrx_word' id='word_1_217' title='bbox 862 2275 1071 2326; x_wconf 87' lang='lat' dir='ltr'><strong>frequent</strong></span> <span class='ocrx_word' id='word_1_218' title='bbox 1086 2273 1196 2314; x_wconf 89' lang='lat' dir='ltr'><strong>than</strong></span> <span class='ocrx_word' id='word_1_219' title='bbox 1214 2274 1330 2325; x_wconf 82' lang='lat' dir='ltr'><strong>quod</strong></span> <span class='ocrx_word' id='word_1_220' title='bbox 1346 2273 1436 2314; x_wconf 90' lang='lat' dir='ltr'><strong>and</strong></span> <span class='ocrx_word' id='word_1_221' title='bbox 1453 2274 1576 2326; x_wconf 78' lang='lat' dir='ltr'><strong>quia,</strong></span> <span class='ocrx_word' id='word_1_222' title='bbox 1594 2273 1804 2326; x_wconf 72' lang='lat' dir='ltr'><strong>quoniam</strong></span> 
     </span>
     <span class='ocr_line' id='line_1_32' title="bbox 297 2281 1804 2381; baseline 0 -13"><span class='ocrx_word' id='word_1_223' title='bbox 297 2330 331 2368; x_wconf 83' lang='lat' dir='ltr'><strong>is</strong></span> <span class='ocrx_word' id='word_1_224' title='bbox 355 2281 659 2380; x_wconf 87' lang='lat' dir='ltr'><strong>coccasionally</strong></span> <span class='ocrx_word' id='word_1_225' title='bbox 688 2328 829 2370; x_wconf 89' lang='lat' dir='ltr'><strong>found</strong></span> <span class='ocrx_word' id='word_1_226' title='bbox 860 2330 905 2368; x_wconf 89' lang='lat' dir='ltr'><strong>in</strong></span> <span class='ocrx_word' id='word_1_227' title='bbox 935 2329 1190 2380; x_wconf 83' lang='lat' dir='ltr'><strong>Augustine</strong></span> <span class='ocrx_word' id='word_1_228' title='bbox 1220 2327 1507 2381; x_wconf 88' lang='lat' dir='ltr'><strong>introducing</strong></span> <span class='ocrx_word' id='word_1_229' title='bbox 1535 2341 1594 2368; x_wconf 88' lang='lat' dir='ltr'><strong>an</strong></span> <span class='ocrx_word' id='word_1_230' title='bbox 1623 2327 1804 2381; x_wconf 89' lang='lat' dir='ltr'><strong>oblique</strong></span> 
     </span>
     <span class='ocr_line' id='line_1_33' title="bbox 296 2381 1806 2435; baseline 0 -12"><span class='ocrx_word' id='word_1_231' title='bbox 296 2387 533 2424; x_wconf 82' lang='lat' dir='ltr'><strong>statement</strong></span> <span class='ocrx_word' id='word_1_232' title='bbox 555 2384 670 2423; x_wconf 87' lang='lat' dir='ltr'><strong>after</strong></span> <span class='ocrx_word' id='word_1_233' title='bbox 690 2383 820 2423; x_wconf 88' lang='lat' dir='ltr'><strong>verbs</strong></span> <span class='ocrx_word' id='word_1_234' title='bbox 843 2384 894 2423; x_wconf 93' lang='lat' dir='ltr'><strong>of</strong></span> <span class='ocrx_word' id='word_1_235' title='bbox 911 2384 1073 2434; x_wconf 85' lang='lat' dir='ltr'><strong>saying</strong></span> <span class='ocrx_word' id='word_1_236' title='bbox 1094 2396 1144 2423; x_wconf 92' lang='lat' dir='ltr'><strong>or</strong></span> <span class='ocrx_word' id='word_1_237' title='bbox 1165 2381 1393 2435; x_wconf 88' lang='lat' dir='ltr'><strong>thinking,</strong></span> <span class='ocrx_word' id='word_1_238' title='bbox 1416 2382 1507 2423; x_wconf 90' lang='lat' dir='ltr'><strong>and</strong></span> <span class='ocrx_word' id='word_1_239' title='bbox 1530 2384 1563 2423; x_wconf 86' lang='lat' dir='ltr'><strong>it</strong></span> <span class='ocrx_word' id='word_1_240' title='bbox 1584 2384 1621 2423; x_wconf 90' lang='lat' dir='ltr'><strong>is</strong></span> <span class='ocrx_word' id='word_1_241' title='bbox 1643 2381 1806 2423; x_wconf 86' lang='lat' dir='ltr'><strong>almost</strong></span> 
     </span>
     <span class='ocr_line' id='line_1_34' title="bbox 298 2436 1805 2489; baseline 0.001 -12"><span class='ocrx_word' id='word_1_242' title='bbox 298 2437 465 2489; x_wconf 78' lang='lat' dir='ltr'><strong>always</strong></span> <span class='ocrx_word' id='word_1_243' title='bbox 483 2436 622 2478; x_wconf 65' lang='lat' dir='ltr'><strong>follox</strong></span> <span class='ocrx_word' id='word_1_244' title='bbox 622 2437 688 2478; x_wconf 89' lang='lat' dir='ltr'><strong>ed</strong></span> <span class='ocrx_word' id='word_1_245' title='bbox 707 2437 768 2489; x_wconf 91' lang='lat' dir='ltr'><strong>by</strong></span> <span class='ocrx_word' id='word_1_246' title='bbox 785 2437 861 2478; x_wconf 90' lang='lat' dir='ltr'><strong>the</strong></span> <span class='ocrx_word' id='word_1_247' title='bbox 879 2436 1131 2478; x_wconf 85' lang='lat' dir='ltr'><strong>indicative.</strong></span> <span class='ocrx_word' id='word_1_248' title='bbox 1183 2436 1375 2489; x_wconf 89' lang='lat' dir='ltr'><strong>Usually</strong></span> <span class='ocrx_word' id='word_1_249' title='bbox 1391 2437 1501 2478; x_wconf 88' lang='lat' dir='ltr'><strong>such</strong></span> <span class='ocrx_word' id='word_1_250' title='bbox 1519 2449 1805 2478; x_wconf 86' lang='lat' dir='ltr'><strong>occurrences</strong></span> 
     </span>
    </p>
   </div>
   <div class='ocr_carea' id='block_1_4' title="bbox 298 2490 1805 2599">
    <p class='ocr_par' dir='ltr' id='par_1_6' title="bbox 298 2490 1805 2599">
     <span class='ocr_line' id='line_1_35' title="bbox 298 2490 1805 2586; baseline 0.001 -55"><span class='ocrx_word' id='word_1_251' title='bbox 298 2506 373 2532; x_wconf 87' lang='lat' dir='ltr'><strong>are</strong></span> <span class='ocrx_word' id='word_1_252' title='bbox 394 2491 640 2586; x_wconf 74' lang='lat' dir='ltr'><strong>Slcriptural</strong></span> <span class='ocrx_word' id='word_1_253' title='bbox 659 2508 669 2539; x_wconf 88' lang='grc'>;</span> <span class='ocrx_word' id='word_1_254' title='bbox 708 2492 782 2532; x_wconf 88' lang='lat' dir='ltr'><strong>the</strong></span> <span class='ocrx_word' id='word_1_255' title='bbox 803 2505 881 2532; x_wconf 89' lang='lat' dir='ltr'><strong>use</strong></span> <span class='ocrx_word' id='word_1_256' title='bbox 901 2494 937 2532; x_wconf 87' lang='lat' dir='ltr'><strong>is</strong></span> <span class='ocrx_word' id='word_1_257' title='bbox 957 2490 1309 2544; x_wconf 83' lang='lat' dir='ltr'><strong>comparatively</strong></span> <span class='ocrx_word' id='word_1_258' title='bbox 1329 2505 1426 2532; x_wconf 85' lang='lat' dir='ltr'><strong>rare</strong></span> <span class='ocrx_word' id='word_1_259' title='bbox 1446 2493 1491 2532; x_wconf 90' lang='lat' dir='ltr'><strong>in</strong></span> <span class='ocrx_word' id='word_1_260' title='bbox 1512 2490 1805 2545; x_wconf 81' lang='lat' dir='ltr'><strong>Augustine’s</strong></span> 
     </span>
     <span class='ocr_line' id='line_1_36' title="bbox 299 2560 658 2599; baseline 0.003 -13"><span class='ocrx_word' id='word_1_261' title='bbox 299 2560 398 2586; x_wconf 87' lang='lat' dir='ltr'><strong>own</strong></span> <span class='ocrx_word' id='word_1_262' title='bbox 436 2560 658 2599; x_wconf 85' lang='lat' dir='ltr'><strong>anguage.</strong></span> 
     </span>
    </p>
   </div>
   <div class='ocr_carea' id='block_1_5' title="bbox 297 2610 393 2661">
    <p class='ocr_par' dir='ltr' id='par_1_7' title="bbox 297 2610 393 2661">
     <span class='ocr_line' id='line_1_37' title="bbox 297 2610 393 2661; baseline -0.031 -1"><span class='ocrx_word' id='word_1_263' title='bbox 297 2610 393 2661; x_wconf 75' lang='lat'><strong>262</strong></span> 
     </span>
    </p>
   </div>
  </div>
 </body>
</html>
