1866 2964
787 203 878 251 ST.
917 203 1326 251 AUGUSTINE

250 346 276 386 3
365 337 557 384 Verum
589 339 709 400 quia
739 339 792 382 in
824 336 1057 382 omnibus
1089 352 1260 382 rerum
1290 334 1534 390 motibus,
1566 333 1691 398 quid
1721 350 1812 380 nu-

299 413 427 456 meri
459 407 681 464 valeant,
714 406 909 453 facilius
942 407 1293 453 consideratur
1323 409 1377 452 in
1408 406 1613 452 vocibus
1647 421 1811 467 eaque

301 480 639 527 consideratio
697 478 1003 542 quibusdam
1061 480 1205 541 quasi
1261 477 1488 540 gradatis
1544 476 1812 523 itineribus

301 554 482 598 nititur
525 551 590 597 ad
631 566 851 612 superna
891 552 1073 595 intima
1114 551 1366 604 veritatis,
1407 547 1456 594 in
1497 548 1683 611 quibus
1720 545 1813 593 ‘viis

301 621 498 669 ostendit
543 638 591 667 se
637 619 869 684 sapientia
915 619 1126 666 hilariter
1171 626 1214 666 et
1258 619 1306 666 in
1353 618 1477 666 omni
1515 617 1812 683 providentia

301 692 498 740 occurrit
540 692 849 747 amantibus,
892 693 1038 737 initio
1080 693 1241 737 nostri
1283 694 1392 748 otii,
1441 707 1556 737 cum
1605 707 1635 736 a
1681 693 1811 737 curis

299 764 575 811 maioribus
595 765 861 826 magisque
885 765 1179 809 necessariis
1202 762 1419 808 vacabat
1442 765 1657 818 animus,
1679 760 1815 808 volui

299 853 391 899 per
419 839 518 882 ista
555 850 687 897 quae
726 851 755 879 a
791 834 934 880 nobis
975 833 1279 880 desiderasti
1307 836 1496 896 scripta
1523 832 1813 896 proludere,

300 907 505 971 quando
539 907 809 968 conscripsi
842 905 907 952 de
940 904 1044 951 solo
1077 903 1319 969 rhythmo
1352 921 1442 951 sex
1474 903 1626 951 libros
1662 911 1715 951 et
1748 904 1813 951 de

298 978 433 1025 melo
463 978 682 1023 scribere
714 975 835 1022 alios
865 974 1079 1022 forsitan
1108 992 1216 1032 sex,
1246 975 1430 1032 fateor,
1460 976 1813 1038 disponebam,

299 1067 415 1097 cum
462 1047 586 1094 mihi
634 1051 797 1094 otium
844 1045 1075 1093 futurum
1124 1048 1409 1110 sperabam.
1480 1046 1582 1094 Sed
1628 1054 1810 1110 postea

299 1137 454 1185 quam
479 1118 603 1165 mihi
629 1135 863 1166 curarum
891 1118 1346 1165 ecclesiasticarum
1372 1122 1568 1165 sarcina
1592 1121 1815 1181 inposita

301 1200 397 1248 est,
433 1207 608 1238 omnes
643 1190 759 1237 illae
795 1189 1008 1237 deliciae
1043 1189 1223 1254 fugere
1259 1190 1323 1238 de
1358 1190 1611 1246 manibus,
1645 1193 1720 1237 ita
1753 1197 1813 1236 ut

299 1267 382 1310 vix
422 1279 556 1309 nunc
594 1265 762 1325 ipsum
802 1261 1029 1308 codicem
1067 1264 1343 1318 inveniam,
1384 1264 1626 1325 quoniam
1664 1268 1809 1308 tuam

299 1334 619 1381 voluntatem
639 1349 733 1379 nec
752 1335 1059 1396 petitionem
1078 1333 1169 1379 sed
1189 1336 1462 1380 iussionem
1481 1340 1812 1380 contemnere

298 1421 515 1469 nequeo.
587 1404 739 1463 Quod
771 1420 894 1451 sane
928 1404 1227 1467 opusculum
1260 1408 1301 1451 si
1334 1412 1551 1468 potuero
1584 1407 1812 1460 mittere,

299 1495 402 1524 non
432 1478 640 1540 quidem
669 1492 753 1522 me
783 1476 878 1522 tibi
909 1476 1310 1539 obtemperasse,
1344 1493 1520 1523 verum
1550 1483 1728 1523 tamen
1757 1483 1811 1522 te

299 1547 393 1595 hoc
427 1564 457 1594 a
488 1565 571 1594 me
608 1554 757 1594 tanto
794 1563 949 1610 opere
987 1546 1264 1611 flagitasse,
1294 1548 1600 1611 paenitebit.
1671 1547 1812 1594 Diffi-

299 1618 482 1666 cillime
521 1621 710 1682 quippe
747 1617 1120 1682 intelleguntur
1155 1621 1207 1664 in
1245 1635 1305 1665 eo
1342 1622 1568 1682 quinque
1605 1617 1736 1674 libri,
1773 1621 1814 1664 si

299 1707 401 1736 non
427 1690 560 1737 adsit
585 1692 672 1753 qui
697 1706 799 1735 non
818 1688 981 1735 solum
1001 1689 1375 1752 disputantium
1394 1693 1555 1752 possit
1574 1705 1812 1752 separare

298 1777 559 1824 personas,
613 1777 790 1806 verum
850 1763 1008 1806 etiam
1066 1761 1446 1823 pronuntiando
1504 1763 1578 1807 ita
1631 1775 1812 1807 sonare

298 1831 517 1879 morulas
553 1830 880 1895 syllabarum,
915 1838 974 1878 ut
1009 1834 1079 1878 eis
1116 1835 1469 1894 exprimantur
1501 1847 1811 1895 sensumque

300 1906 498 1950 aurium
530 1901 718 1949 feriant
750 1918 942 1966 genera
974 1919 1319 1959 numerorum,
1351 1906 1575 1950 maxime
1609 1906 1729 1967 quia
1759 1905 1812 1949 in

299 1974 606 2038 quibusdam
664 1975 822 2019 etiam
879 1973 1197 2020 silentiorum
1254 1974 1486 2021 dimensa
1541 1973 1810 2022 intervalla

361 2150 379 2168 ‘²
410 2143 611 2184 Wisdom
651 2144 707 2183 vi.
750 2146 815 2190 17,
852 2143 996 2183 where
1031 2144 1105 2184 the
1145 2143 1415 2197 Septuagint
1454 2144 1581 2185 reads
1619 2150 1661 2184 ἐν
1696 2147 1809 2192 πάσῃ

303 2202 458 2248 ἐπινοίᾳ
480 2198 570 2238 and
591 2198 665 2238 the
687 2197 876 2250 English
897 2200 1071 2238 version
1093 2199 1118 2214 “
1136 2200 1180 2238 in
1202 2212 1334 2250 every
1354 2199 1594 2252 thought.”

363 2253 378 2277 ὓ
408 2253 549 2293 These
584 2266 658 2292 are
693 2252 766 2292 the
807 2254 871 2292 six
906 2251 1050 2292 books
1089 2252 1154 2292 De
1188 2252 1379 2300 Illusica,
1415 2253 1639 2306 projected
1679 2253 1807 2294 when

305 2309 558 2360 Augustine
580 2320 669 2346 was
692 2308 735 2346 in
766 2306 911 2346 Milan
939 2306 1021 2346 but
1046 2309 1220 2347 written
1251 2307 1358 2359 only
1379 2308 1494 2347 after
1514 2307 1568 2348 he
1598 2307 1807 2348 returned

301 2366 347 2402 to
385 2362 540 2402 Africa
579 2362 624 2401 in
659 2363 742 2401 388
777 2360 867 2400 and
907 2373 997 2400 was
1031 2360 1171 2414 living
1210 2363 1254 2401 in
1294 2363 1513 2402 monastic
1552 2364 1808 2402 retirement

301 2417 345 2468 (⁶⁶
364 2418 488 2456 initio
510 2417 649 2455 nostri
669 2417 746 2455 otii
762 2414 787 2430 '’
810 2415 969 2466 above)
992 2419 1038 2455 at
1058 2415 1264 2468 Tagaste.
1314 2415 1440 2467 They
1462 2430 1573 2456 were
1595 2415 1806 2456 intended

305 2483 353 2510 as
393 2474 494 2522 part
531 2469 582 2509 of
622 2483 680 2508 an
719 2468 1063 2520 encyclopaedic
1103 2469 1242 2516 work,
1275 2469 1404 2510 Libri
1443 2470 1804 2522 disciplinarum,

300 2522 514 2576 designed
537 2527 582 2563 to
604 2522 779 2563 include
801 2522 968 2563 studies
989 2523 1039 2563 of
1055 2523 1272 2571 dialectic,
1293 2537 1536 2576 grammar,
1557 2528 1804 2577 geometry,

301 2579 552 2618 arithmetic
587 2576 676 2617 and
712 2576 996 2629 philosophy,
1033 2577 1114 2618 but
1147 2577 1221 2618 the
1256 2577 1362 2630 only
1396 2582 1498 2630 part
1535 2577 1724 2619 finished
1759 2582 1807 2618 at

312 2648 402 2696 194-
