1850 2964
745 135 835 183 ST.
875 132 1283 183 AUGUSTINE

259 286 488 317 accessus
530 269 595 316 ad
635 284 781 315 aures
821 274 937 314 tuas
977 265 1147 313 ferens
1186 265 1386 312 litteras
1425 279 1585 320 meas,
1624 279 1770 310 num-

259 362 413 409 quam
455 347 600 407 potui
642 346 885 406 reperire,
931 358 1084 405 quam
1127 357 1262 387 nunc
1305 340 1538 386 dominus
1582 336 1770 385 obtulit

259 437 461 467 servum
520 426 573 466 et
631 422 921 465 ministrum
980 416 1168 463 Christi
1226 416 1496 463 diaconum
1554 412 1770 460 Paulum

259 495 505 542 ambobus
541 494 685 540 nobis
721 495 1052 547 carissimum,
1087 498 1146 537 ut
1182 490 1374 553 aliquid
1410 490 1502 536 tibi
1534 487 1772 552 loquerer

258 587 359 616 non
389 586 480 632 pro
512 571 749 632 potentia
780 574 873 613 tua
906 574 959 613 et
990 565 1183 613 honore
1232 581 1387 628 quem
1418 566 1554 628 geris
1585 566 1639 609 in
1670 565 1770 608 isto

258 643 459 691 saeculo
499 642 742 707 maligno,
783 658 878 688 nec
918 659 1009 704 pro
1050 639 1403 687 incolumitate
1444 641 1607 685 carnis
1647 644 1771 684 tuae

257 718 596 783 corruptibilis
631 725 788 781 atque
821 716 1067 772 mortalis,
1097 719 1217 780 quia
1250 722 1304 762 et
1335 718 1447 778 ipsa
1477 715 1772 760 transitoria

260 802 355 850 est,
405 801 458 840 et
506 810 660 857 quam
710 793 798 840 diu
848 795 931 848 sit,
982 807 1184 854 semper
1232 793 1486 836 incertum
1537 795 1634 844 est,
1680 786 1772 834 sed

258 886 349 932 pro
397 868 483 914 illa
530 867 696 915 salute
747 884 901 930 quam
943 867 1088 913 nobis
1125 868 1359 928 promisit
1397 863 1646 919 Christus,
1684 864 1771 926 qui

258 951 535 1007 propterea
575 942 656 989 hic
695 941 1039 989 exhonoratus
1078 948 1235 1004 atque
1273 939 1541 987 crucifixus
1579 945 1676 994 est,
1712 943 1772 984 ut

259 1020 467 1066 doceret
509 1035 599 1064 nos
640 1019 776 1064 bona
817 1016 1005 1063 saeculi
1046 1015 1194 1062 huius
1235 1018 1399 1079 magis
1440 1021 1771 1061 contemnere

259 1111 413 1157 quam
440 1093 670 1157 diligere,
698 1100 750 1140 et
775 1092 870 1139 hoc
897 1108 1067 1139 amare
1096 1099 1149 1138 et
1175 1107 1380 1155 sperare
1411 1091 1474 1137 ab
1502 1089 1605 1145 illo,
1634 1088 1773 1152 quod

257 1173 310 1216 in
353 1187 443 1216 sua
484 1172 855 1216 resurrectione
892 1171 1233 1223 monstravit3
1278 1165 1531 1213 resurrexit
1568 1168 1704 1212 enim
1741 1181 1771 1210 a

260 1245 451 1292 mortuis
481 1262 562 1292 nec
597 1245 692 1291 iam
730 1244 940 1301 moritur,
964 1250 1006 1291 et
1032 1260 1155 1291 mors
1191 1243 1233 1290 ei
1269 1243 1395 1290 ultra
1433 1259 1525 1289 non
1561 1240 1772 1288 domina-

260 1321 393 1368 bitur.

209 1405 233 1442 2
324 1396 435 1443 Scio
467 1413 569 1443 non
601 1396 780 1443 deesse
812 1394 1044 1442 homines
1094 1397 1180 1458 qui
1212 1401 1266 1441 te
1299 1393 1581 1440 secundum
1612 1394 1771 1438 vitam

258 1473 436 1519 mundi
471 1471 619 1519 huius
656 1471 877 1535 diligunt
914 1478 967 1517 et
1003 1470 1283 1517 secundum
1317 1473 1482 1533 ipsam
1515 1469 1611 1515 tibi
1647 1468 1773 1515 dant

259 1547 482 1603 consilia,
532 1546 805 1610 aliquando
858 1545 1005 1592 utilia
1053 1545 1325 1609 aliquando
1380 1543 1598 1599 inutilia,
1654 1545 1774 1606 quia

258 1622 488 1669 homines
520 1629 640 1668 sunt
672 1629 743 1677 et,
775 1624 903 1667 sicut
935 1628 1166 1684 possunt,
1193 1620 1259 1667 ad
1282 1636 1524 1683 praesens
1550 1621 1773 1681 sapiunt,

258 1701 545 1744 nescientes
580 1698 704 1760 quid
733 1700 1001 1760 contingat
1032 1699 1269 1759 sequenti
1295 1696 1411 1743 diei.
1481 1693 1773 1741 Secundum

260 1781 434 1820 autem
473 1774 645 1829 deum,
682 1790 747 1819 ne
784 1780 966 1836 pereat
1004 1776 1173 1818 anima
1209 1779 1317 1827 tua,
1354 1788 1457 1818 non
1492 1769 1641 1817 facile
1677 1770 1772 1816 tibi

259 1853 528 1913 quisquam
565 1848 799 1904 consulit,
827 1866 928 1895 non
957 1851 1076 1911 quia
1103 1848 1291 1894 desunt
1328 1850 1415 1910 qui
1441 1846 1535 1892 hoc
1562 1844 1772 1900 faciant,

259 1926 350 1972 sed
398 1929 517 1989 quia
565 1924 763 1972 difficile
809 1932 887 1970 est
935 1927 1163 1970 invenire
1213 1923 1417 1986 quando
1459 1929 1632 1969 tecum
1674 1924 1774 1968 ista

258 2005 454 2064 possint
496 2000 650 2063 loqui.
722 2000 853 2046 Nam
893 2007 946 2047 et
991 2017 1087 2063 ego
1132 2015 1334 2062 semper
1377 1998 1680 2054 desideravi,
1718 2003 1772 2043 et

258 2093 538 2140 numquam
557 2079 727 2122 inveni
748 2075 914 2122 locum
933 2075 1013 2122 vel
1039 2083 1262 2137 tempus,
1288 2081 1346 2120 ut
1366 2090 1574 2138 agerem
1598 2080 1771 2119 tecum

259 2154 395 2216 quod
416 2169 498 2199 me
527 2169 679 2216 agere
703 2153 975 2215 oportebat
1003 2169 1116 2198 cum
1143 2151 1348 2197 homine
1375 2166 1529 2213 quem
1550 2148 1770 2196 multum

260 2227 414 2291 diligo
462 2231 514 2273 in
563 2226 779 2273 Christo.
851 2226 954 2273 Scis
1005 2234 1179 2272 autem
1240 2224 1445 2289 qualem
1492 2241 1575 2270 me
1636 2224 1773 2287 apud

261 2303 554 2365 Hipponem
580 2302 781 2357 videris,
808 2301 1012 2364 quando
1039 2302 1102 2348 ad
1127 2317 1209 2347 me
1236 2303 1407 2347 venire
1433 2300 1673 2363 dignatus
1696 2315 1771 2355 es,

345 2470 362 2487 ‘²
397 2463 622 2516 Probably
644 2464 718 2504 the
742 2463 852 2503 Paul
874 2462 1047 2515 spoken
1069 2464 1120 2504 of
1137 2465 1182 2503 in
1203 2462 1278 2503 the
1299 2461 1527 2514 following
1548 2460 1687 2502 letter.

383 2518 398 2542 ²¹
437 2523 451 2558 l
481 2518 580 2559 Cor.
604 2533 673 2559 xv,
697 2522 765 2559 53.
1315 2523 1328 2541 ⁶
1364 2516 1492 2556 Rom.
1516 2518 1572 2557 vi.
1595 2518 1636 2556 9.

273 2594 368 2639 416
