1866 2964
783 182 874 230 ST.
912 181 1321 230 AUGUSTINE

298 317 531 365 voluntas
554 320 656 363 iam
675 323 905 380 vegetas,
926 332 1026 378 quo
1049 317 1326 361 necessitas
1347 312 1545 360 levarat
1565 311 1805 359 infirmas.

301 386 425 432 Illae
479 402 532 432 56
582 388 858 431 aestiment
906 384 1133 438 ditiores,
1181 398 1314 446 quae
1361 380 1553 428 fuerint
1603 384 1657 427 in
1703 397 1809 428 sus-

297 455 511 501 tinenda
546 456 798 515 parcitate
835 450 1101 506 fortiores3
1142 449 1323 497 melius
1355 457 1434 496 est
1471 452 1607 496 enim
1641 451 1808 495 minus

299 539 451 585 egere
477 538 630 584 quarn
653 519 766 583 plus
788 518 995 566 habere.

224 599 275 637 10
366 589 479 635 'Non
530 592 595 635 sit
646 587 884 634 notabilis
935 586 1140 633 habitus
1191 593 1362 632 vester
1411 602 1507 632 nec
1558 583 1808 631 affectetis

300 659 525 704 vestibus
562 655 783 719 placere,
811 655 902 701 sed
937 656 1197 709 moribus3
1245 671 1347 700 non
1384 656 1486 700 sint
1521 653 1663 700 vobis
1699 659 1810 699 tam

300 733 480 772 tenera
504 727 730 787 capitum
752 726 1001 787 tegmina,
1025 729 1083 768 ut
1105 721 1287 768 retiola
1309 722 1487 768 subter
1509 726 1808 784 appareant.

302 793 520 856 Capillos
553 809 616 838 ex
647 791 787 838 nulla
816 798 964 853 parte
996 791 1157 837 nudos
1188 789 1423 836 habeatis
1453 805 1549 835 nec
1579 787 1699 835 foris
1730 786 1812 834 vel

302 868 510 925 spargat
527 859 859 923 neglegentia
874 858 955 905 vel
970 865 1243 921 componat
1257 858 1522 904 industria.
1592 855 1811 915 Quando

301 929 593 992 proceditis,
626 926 774 974 simul
811 925 1108 981 ambulate3
1147 943 1262 972 cum
1295 928 1536 972 veneritis
1573 941 1674 988 quo
1709 926 1812 979 itis,

302 996 450 1043 simul
473 1003 624 1043 state.
696 995 757 1041 In
780 998 997 1050 incessu,
1020 997 1072 1039 in
1097 1001 1255 1049 statu,
1279 997 1332 1039 in
1354 993 1554 1049 habitu,
1576 995 1630 1038 in
1653 994 1812 1039 omni-

302 1066 395 1111 bus
417 1065 641 1111 motibus
664 1066 844 1109 vestris
866 1062 991 1108 nihil
1013 1062 1120 1118 fiat,
1143 1061 1280 1125 quod
1299 1061 1493 1108 inliciat
1514 1063 1813 1124 cuiusquam

301 1133 583 1187 libidinem,
633 1132 725 1178 sed
773 1130 910 1194 quod
959 1137 1182 1176 vestram
1231 1130 1415 1176 deceat
1463 1131 1809 1176 sanctitatem.

304 1200 451 1248 Oculi
492 1203 648 1246 vestri
691 1202 788 1245 etsi
828 1202 1082 1244 iaciuntur
1121 1201 1174 1244 in
1216 1196 1456 1261 aliquem,
1498 1197 1721 1261 figantur
1760 1198 1814 1242 in

303 1272 577 1315 neminem.
649 1267 831 1330 Neque
883 1270 1037 1321 enim,
1087 1266 1292 1329 quando
1340 1265 1634 1328 proceditis,
1682 1267 1813 1311 viros

303 1337 476 1384 videre
500 1334 858 1399 prohibemini,
885 1334 976 1381 sed
1002 1341 1248 1397 appetere
1275 1341 1365 1380 aut
1395 1334 1459 1379 ab
1488 1336 1607 1396 ipsis
1639 1335 1814 1396 appeti

303 1404 448 1451 velle.
520 1404 627 1450 Nec
653 1410 799 1449 tactu
825 1402 930 1449 solo
959 1409 1012 1448 et
1040 1401 1227 1448 affectu
1253 1401 1345 1448 sed
1371 1408 1583 1464 aspectu
1609 1415 1814 1464 quoque

305 1475 567 1535 appetitur
593 1479 647 1518 et
672 1474 873 1534 appetit
897 1468 1104 1516 femina.
1175 1469 1283 1516 Nec
1307 1469 1487 1516 dicatis
1513 1486 1599 1516 vos
1622 1468 1815 1515 habere

306 1544 498 1586 animos
538 1540 767 1603 pudicos,
808 1541 846 1585 si
888 1537 1123 1585 habeatis
1164 1536 1333 1584 oculos
1372 1537 1655 1600 inpudiCOS,
1696 1539 1817 1600 quia

304 1609 571 1672 inpudicus
635 1606 807 1653 oculus
866 1607 1092 1668 inpudici
1148 1606 1310 1653 cordis
1360 1613 1439 1652 est
1485 1608 1695 1652 nuntius
1743 1611 1815 1660 et,

305 1694 420 1723 cum
480 1692 534 1722 se
592 1678 810 1721 invicem
858 1675 952 1721 sibi
1002 1678 1159 1720 etiam
1212 1681 1421 1720 tacente
1474 1672 1651 1737 lingua
1699 1689 1816 1720 con-

305 1751 485 1807 spectu
519 1751 700 1790 mutuo
737 1742 888 1789 corda
917 1745 1158 1788 nuntiant
1186 1742 1426 1805 inpudica
1454 1749 1509 1788 et
1537 1741 1817 1788 secundum

306 1815 770 1875 concupiscentiam
802 1813 964 1857 carnis
998 1809 1245 1857 alterutro
1271 1809 1594 1856 delectantur
1619 1809 1817 1864 ardore,

307 1884 464 1927 etiam
521 1882 726 1926 intactis
781 1879 845 1925 ab
886 1879 1132 1925 inmunda
1184 1877 1456 1925 violatione
1508 1878 1816 1940 corporibus,

306 1947 441 2012 fugit
474 1951 681 1994 castitas
716 1950 825 2009 ipsa
859 1947 923 1993 de
963 1947 1202 1993 moribus.
1272 1945 1380 1992 Nec
1418 1953 1601 2009 putare
1641 1945 1818 2000 debet,

309 2033 441 2080 quae
478 2019 530 2061 in
566 2015 791 2062 masculo
829 2014 942 2079 figit
978 2013 1177 2061 oculum
1229 2021 1283 2061 et
1328 2013 1460 2061 illius
1507 2017 1560 2060 in
1607 2029 1661 2060 se
1707 2016 1819 2076 ipsa

367 2200 386 2218 ‘¹
418 2194 470 2234 In
481 2194 711 2246 Egyptian
722 2193 811 2234 and
823 2192 987 2245 Syrian
1002 2195 1303 2243 monasteries,
1315 2194 1555 2248 according
1567 2198 1613 2236 to
1623 2195 1651 2236 J
1654 2209 1817 2243 erome,

312 2251 346 2290 it
374 2262 563 2301 appears
591 2253 637 2288 to
666 2248 778 2288 have
806 2248 919 2288 been
947 2248 1022 2289 the
1050 2253 1223 2289 custom
1251 2250 1321 2290 for
1354 2263 1470 2290 nuns
1507 2254 1554 2290 to
1593 2250 1706 2291 have
1742 2250 1819 2291 the

312 2305 409 2344 hair
433 2308 509 2344 cut
533 2303 656 2343 short
680 2303 725 2355 (“
748 2304 882 2343 moris
907 2307 972 2343 est
997 2304 1041 2343 in
1067 2304 1267 2356 Aegypti
1291 2308 1335 2345 et
1359 2304 1516 2356 Syriae
1541 2306 1820 2346 monasteriis

311 2363 366 2412 ut·
386 2363 481 2398 tam
504 2360 630 2410 virgo
652 2371 790 2409 quam
809 2356 945 2397 vidua
967 2371 1082 2409 quae
1107 2357 1202 2398 Deo
1223 2371 1269 2399 se
1287 2361 1489 2399 voverint
1519 2389 1530 2400 .
1564 2390 1574 2400 .
1609 2390 1619 2400 .
1650 2361 1818 2400 crinem

312 2414 683 2453 monasteriorum
715 2412 931 2452 matribus
962 2412 1152 2452 offerant
1182 2412 1498 2462 desecandum,
1534 2427 1624 2454 non
1654 2415 1818 2454 intecto

311 2472 467 2520 postea
499 2498 508 2507 .
544 2498 553 2507 .
589 2498 598 2507 .
632 2469 791 2518 capite,
823 2466 898 2507 sed
929 2465 1068 2519 ligato
1095 2469 1259 2519 pariter
1286 2481 1338 2508 ac
1366 2467 1559 2516 velato,”
1586 2468 1709 2509 Hier.
1730 2467 1816 2520 Ep.

315 2525 409 2563 147.
431 2525 490 2572 5),
511 2521 592 2561 but
612 2522 656 2560 in
675 2521 750 2561 the
769 2521 971 2561 XVestern
990 2521 1156 2561 church
1176 2521 1283 2574 they
1301 2536 1415 2563 were
1433 2521 1618 2564 allowed
1637 2526 1684 2563 to
1703 2535 1820 2563 wear

312 2577 387 2617 the
409 2576 505 2616 hair
527 2575 633 2628 long
655 2575 884 2628 (Optatus,
906 2577 963 2616 vi.
987 2579 1039 2623 4;
1070 2576 1228 2617 Ambr.
1251 2576 1385 2629 Lapa.
1414 2577 1535 2630 Viry.
1554 2580 1594 2618 8.
1611 2577 1700 2630 35).

313 2647 407 2688 388
