1866 2964
259 601 283 638 {0

795 173 886 220 ST.
925 173 1332 221 AUGUSTINE

306 305 569 368 epistulari
604 306 871 369 conloquio
908 323 1008 369 quo
1039 323 1129 353 nos
1165 310 1382 353 invicem
1418 307 1754 365 consolamur,
1785 325 1815 355 a

307 379 512 425 domino
532 382 783 440 praestita
806 386 903 434 est,
923 383 976 425 in
999 396 1100 442 quo
1121 380 1460 441 promerendo
1481 380 1702 427 multum
1724 398 1816 428 nos

309 452 510 498 adiutos
540 467 650 497 esse
679 451 932 498 credimus
958 454 1070 514 ipsa
1098 459 1268 498 vestra
1296 451 1654 509 sollicitudine,
1682 469 1816 516 quae

307 521 538 584 profecto
561 526 669 569 sine
695 523 1057 585 deprecatione
1081 540 1173 586 pro
1196 524 1342 570 nobis
1367 541 1478 571 esse
1502 541 1605 570 non
1627 527 1815 587 potuit.

372 594 557 658 Itaque
591 613 692 641 non
724 599 1200 657 praetermittamus
1233 603 1435 642 vestrae
1468 599 1671 643 caritati
1703 613 1818 643 nar-

307 684 420 713 rare
453 668 577 730 quid
599 675 805 731 gestum
829 671 912 724 sit,
936 674 995 714 ut
1017 669 1281 715 nobiscum
1305 669 1403 715 deo
1434 671 1627 732 gratias
1651 671 1818 733 agatis

311 739 375 786 de
421 746 633 802 accepto
668 740 938 796 beneficio,
978 742 1065 803 qui
1105 741 1368 786 nobiscum
1409 757 1588 803 preces
1629 741 1694 788 de
1736 758 1816 788 ac-

308 812 543 873 cipiendo
561 810 780 858 fudistis.
841 811 969 858 Cum
988 819 1105 874 post
1121 810 1493 874 profectionem
1510 819 1655 859 tuam
1674 813 1820 859 nobis

309 887 605 930 nuntiatum
650 891 787 930 esset
829 883 1134 931 tumultuari
1174 883 1407 931 homines
1450 891 1505 931 et
1549 885 1718 932 dicere
1762 902 1818 932 se

309 954 444 1003 ferre
491 973 593 1002 non
639 973 807 1019 posse,
848 963 906 1003 ut
958 955 1045 1002 illa
1089 955 1403 1003 sollemnitas
1459 956 1820 1019 prohiberetur

311 1044 465 1090 quam
498 1027 752 1075 laetitiam
786 1031 1112 1075 nominantes
1145 1028 1459 1075 vinulentiae
1493 1045 1683 1075 nomen
1715 1028 1819 1076 fru-

310 1107 417 1146 stra
449 1108 700 1147 conantur
733 1102 1064 1156 abscondere,
1097 1104 1229 1147 sicut
1263 1104 1421 1148 etiam
1454 1108 1510 1147 te
1543 1108 1819 1164 praesente

309 1175 411 1218 iam
433 1176 536 1218 iam
558 1175 913 1229 nuntiabatur,
935 1180 1223 1236 opportune
1245 1174 1390 1220 nobis
1414 1174 1598 1220 accidit
1620 1172 1821 1221 occulta

311 1245 631 1292 ordinatione
669 1249 1037 1308 omnipotentis
1075 1246 1176 1301 dei,
1214 1252 1273 1292 ut
1310 1253 1496 1308 quarta
1530 1244 1660 1300 feria
1693 1244 1821 1294 illud

310 1319 362 1362 in
410 1317 676 1381 evangelio
723 1317 1005 1380 capitulum
1051 1325 1428 1380 consequenter
1472 1324 1819 1366 tractaretur:

311 1388 471 1435 Nolite
491 1388 604 1435 dare
624 1396 833 1436 sanctum
854 1388 1047 1436 canibus
1066 1406 1213 1454 neque
1226 1388 1515 1453 proieceritis
1534 1389 1821 1454 margaritas

310 1468 489 1508 vestras
517 1468 623 1508 ante
649 1479 834 1526 porcos.
901 1462 1201 1508 Tractatum
1237 1469 1317 1508 est
1352 1479 1474 1526 ergo
1509 1462 1574 1509 de
1606 1463 1816 1510 canibus

313 1540 365 1580 et
392 1534 456 1580 de
485 1537 667 1596 porcis,
695 1537 769 1580 ita
799 1541 857 1580 ut
888 1541 942 1581 et
971 1536 1221 1597 pervicaci
1250 1533 1443 1581 latratu
1469 1534 1710 1581 adversus
1734 1535 1818 1583 dei

308 1613 587 1668 praecepta
625 1609 855 1652 rixantes
893 1613 947 1652 et
986 1605 1311 1669 voluptatum
1348 1605 1626 1652 carnalium
1663 1607 1820 1655 sordi-

310 1678 403 1723 bus
439 1678 602 1725 dediti
635 1679 937 1725 erubescere
973 1684 1281 1742 cogerentur
1311 1677 1707 1742 conclusumque
1745 1682 1821 1726 ita

308 1757 367 1796 ut
414 1750 649 1797 viderent
695 1767 850 1814 quam
899 1758 1036 1797 esset
1082 1748 1334 1796 nefarium
1384 1753 1522 1797 intra
1573 1751 1817 1799 ecclesiae

308 1825 532 1883 parietes
576 1823 629 1869 id
674 1838 828 1886 agere
873 1825 1078 1869 nomine
1122 1821 1399 1885 religionis,
1443 1823 1581 1886 quod
1620 1826 1673 1870 in
1713 1827 1816 1871 suis

308 1894 542 1940 domibus
585 1897 625 1941 si
662 1911 816 1958 agere
853 1900 1263 1957 perseverarent,
1301 1901 1479 1941 sancto
1528 1901 1582 1942 et
1619 1913 1819 1960 marga-

307 1969 415 2011 ritis
437 1965 789 2012 ecclesiasticis
815 1983 900 2013 eos
925 1969 1084 2013 arceri
1107 1972 1387 2028 oporteret.

372 2123 389 2140 ‘²
421 2116 556 2157 From
584 2117 660 2157 the
688 2116 806 2158 close
834 2118 885 2158 of
908 2117 983 2157 the
1012 2116 1175 2158 second
1204 2120 1392 2169 century
1420 2117 1706 2172 Wednesday
1729 2119 1820 2161 and

314 2171 480 2223 Friday
496 2186 609 2212 were
627 2171 728 2212 held
745 2185 794 2212 as
810 2172 1033 2224 fast-days
1049 2172 1368 2224 (semi-ieiunia
1384 2185 1433 2212 or
1450 2173 1543 2213 dies
1559 2175 1817 2223 stationum,

312 2226 429 2266 Tert.
455 2224 579 2266 Orat.
608 2230 673 2274 19,
696 2227 839 2268 Ieiun.
867 2230 951 2277 13),
975 2227 1055 2266 but
1075 2227 1149 2267 the
1170 2226 1440 2266 observance
1460 2228 1511 2267 of
1535 2227 1819 2282 &Vednesday

311 2280 386 2320 fell
420 2283 513 2321 into
546 2281 693 2321 disuse
727 2281 854 2321 when
889 2280 1116 2334 Saturday
1149 2294 1239 2321 was
1272 2279 1418 2321 added
1457 2285 1504 2322 to
1536 2282 1611 2323 the
1645 2283 1820 2336 weekly

310 2335 547 2387 fast-days,

373 2390 388 2413 ὸ
422 2390 514 2430 Not
538 2390 562 2405 “
583 2389 815 2442 chapter‚”
831 2391 901 2430 for
920 2390 1045 2431 these
1067 2390 1253 2431 modern
1273 2389 1487 2431 divisions
1508 2405 1583 2432 are
1603 2391 1692 2433 due
1713 2391 1821 2445 only

315 2448 360 2483 to
391 2444 466 2485 the
497 2444 739 2485 thirteenth
767 2449 955 2497 century
982 2445 1120 2498 Hugo
1150 2446 1200 2485 of
1225 2444 1292 2486 St.
1323 2443 1454 2494 Cher,
1478 2446 1653 2499 though
1683 2448 1818 2488 much

313 2498 470 2539 earlier
482 2499 557 2539 the
569 2499 722 2550 public
735 2499 922 2552 reading
937 2500 988 2540 of
1000 2499 1229 2552 Scripture
1241 2497 1331 2539 had
1347 2500 1639 2542 necessitated
1652 2501 1728 2542 the
1740 2515 1819 2543 use

313 2554 364 2593 Of
379 2555 570 2594 sections
589 2554 827 2605 (κεφάλαια,
849 2558 1073 2607 περικοπαὶ,
1091 2554 1325 2608 capitula).
1385 2554 1439 2595 In
1459 2556 1728 2609 Augustine,
1749 2557 1820 2600 for

317 2621 380 2667 ’ΤΟ
