1850 2964
731 194 822 243 ST.
861 195 1270 243 AUGUSTINE

249 331 407 375 vitam
459 328 717 392 quondam
764 329 1128 376 iucundissima
1175 329 1499 392 benignitate
1549 326 1759 390 duxisti,

248 431 382 460 nunc
424 417 477 459 in
521 430 610 476 spe
654 417 791 460 vitae
837 421 1081 460 aeternae
1124 430 1327 460 mecum
1372 429 1483 459 esse
1526 414 1755 476 coepisti.

252 499 411 546 Modo
440 516 559 546 vero
594 503 751 546 etiam
784 500 848 546 de
880 500 1032 546 rebus
1064 498 1299 546 humanis
1331 502 1467 546 inter
1497 515 1588 545 nos
1619 495 1760 544 nulla

249 585 492 632 dissensio
535 593 630 641 est,
673 588 759 648 qui
802 602 886 632 eas
926 602 1098 631 rerum
1139 585 1424 632 divinarum
1464 586 1758 648 cognitione

249 687 541 733 pensamus,
563 687 628 717 ne
653 670 766 734 plus
791 674 862 717 eis
892 671 1177 717 tribuamus
1203 687 1357 734 quam
1378 670 1559 717 modus
1583 686 1760 716 earum

250 760 523 804 iustissime
565 756 811 820 postulat,
849 773 944 803 nec
988 773 1072 803 eas
1114 760 1288 820 iniquo
1330 763 1632 820 contemptu
1674 755 1762 802 ab·

250 844 447 891 iciendo
496 846 713 890 creatori
766 859 941 889 earum
989 844 1194 890 domino
1246 859 1417 889 rerum
1463 841 1763 890 caelestium

252 937 408 993 atque
454 932 775 976 terrestrium
820 927 1064 975 faciamus
1109 931 1360 975 iniuriam.
1453 928 1537 975 Ita
1582 928 1658 985 fit,
1703 936 1763 976 ut

251 1019 386 1062 inter
407 1033 531 1079 quos
554 1019 740 1062 amicos
761 1032 863 1061 non
885 1022 963 1062 est
984 1032 1154 1062 rerum
1175 1018 1438 1062 consensio
1459 1015 1762 1072 divinarum,

252 1119 346 1149 nec
373 1102 713 1149 humanarum
743 1118 853 1148 esse
881 1101 1035 1164 plena
1061 1105 1222 1165 possit
1250 1119 1308 1149 ac
1335 1119 1470 1149 vera.
1540 1101 1763 1149 Necesse

254 1196 332 1235 est
370 1192 524 1245 enim,
555 1195 614 1235 ut
648 1188 796 1235 aliter
831 1205 984 1252 quam
1017 1195 1222 1252 oportet
1250 1187 1476 1235 humana
1505 1190 1764 1245 aestimet,

253 1278 339 1339 qui
379 1276 549 1322 dixina
588 1277 890 1331 contemnit,
929 1291 1024 1321 nec
1062 1274 1323 1322 hominem
1361 1282 1503 1322 recte
1550 1273 1763 1339 diligere

253 1364 468 1417 noverit,
495 1364 720 1425 quisquis
747 1377 865 1407 eum
889 1378 991 1408 non
1024 1361 1191 1425 diligit
1224 1364 1312 1425 qui
1339 1360 1600 1408 hominem
1622 1359 1763 1408 fecit.

254 1448 472 1494 Proinde
507 1465 608 1494 non
643 1448 788 1494 dico:
842 1446 869 1462 “
897 1447 1043 1493 Nunc
1076 1446 1200 1493 mihi
1232 1446 1432 1510 plenius
1467 1450 1656 1494 amicus
1691 1462 1765 1503 es,

255 1537 341 1598 qui
391 1551 500 1580 eras
552 1551 615 1580 ex
662 1532 864 1596 parte,''
913 1534 1021 1590 sed,
1071 1540 1322 1597 quantum
1369 1536 1500 1580 ratio
1553 1533 1765 1590 indicat,

252 1637 346 1666 nec
389 1637 453 1666 ex
494 1627 642 1682 parte
687 1636 815 1675 eraS,
858 1620 1063 1682 quando
1104 1636 1200 1666 nec
1240 1623 1293 1665 in
1334 1620 1486 1666 rebus
1527 1618 1763 1666 humanis

252 1723 453 1752 mecum
500 1708 774 1752 amicitiam
818 1722 991 1751 veram
1034 1706 1265 1752 tenebas.
1336 1705 1528 1752 Rerum
1571 1708 1764 1769 quippe

254 1792 556 1847 divinarum,
617 1808 681 1837 cx
740 1792 923 1854 quibus
981 1798 1122 1838 recte
1180 1790 1406 1837 humana
1462 1797 1767 1854 pensantur,

256 1880 417 1924 socius
454 1877 578 1924 mihi
614 1877 842 1924 nondum
880 1893 1009 1933 eras,
1046 1880 1150 1923 sive
1191 1877 1395 1940 quando
1434 1893 1529 1923 nec
1566 1878 1676 1940 ipse
1713 1878 1768 1922 in

257 1967 328 2011 eis
363 1980 502 2010 eram
537 1966 641 2010 sive
675 1970 1014 2026 posteaquam
1046 1979 1142 2027 ego
1170 1979 1254 2009 eas
1280 1969 1560 2026 utcumque
1586 1977 1767 2025 sapere

255 2053 417 2113 coepi,
443 2066 471 2096 a
495 2051 678 2113 quibus
702 2056 760 2096 tu
783 2048 935 2113 longe
961 2047 1284 2095 abhorrebas.

206 2144 230 2183 3
321 2136 449 2183 Nolo
472 2143 646 2182 autem
669 2152 980 2190 suscenseas,
1002 2151 1096 2181 nec
1117 2136 1212 2181 tibi
1232 2135 1468 2182 videatur
1488 2135 1765 2182 absurdum

257 2223 395 2285 quod
409 2221 493 2268 illo
510 2229 761 2284 tempore,
774 2238 889 2267 cum
900 2224 952 2267 in
964 2237 1093 2266 vana
1104 2220 1281 2267 mundi
1296 2219 1445 2267 huius
1458 2227 1768 2277 aestuarem,

261 2311 489 2371 quamvis
522 2324 605 2354 me
640 2306 860 2354 multum
896 2322 1066 2353 amare
1101 2307 1361 2363 videreris,
1394 2306 1621 2354 nondum
1655 2322 1766 2352 eras

258 2396 447 2440 amicus
472 2410 635 2449 meus,
662 2393 867 2456 quando
893 2409 987 2439 nec
1012 2396 1120 2455 ipse
1145 2391 1270 2438 mihi
1296 2395 1486 2439 amicus
1511 2408 1652 2438 eram
1676 2391 1769 2439 sed

257 2482 426 2542 potius
464 2482 711 2526 inimicus.
783 2477 1076 2542 Diligebam
1117 2481 1307 2542 quippe
1341 2480 1687 2542 iniquitatem,
1713 2483 1769 2524 et

263 2660 358 2707 494
