1850 2964
269 655 288 693 1

261 2384 286 2422 2

799 189 891 237 ST.
929 188 1337 237 AUGUSTINE

765 342 858 390 No.
886 348 947 390 60
971 343 1087 407 (Ep.
1115 342 1372 407 CCLXII)

321 463 625 505 DOMINAE
666 462 1231 505 RELIGIOSISSIMAE
1271 463 1484 504 FILIAE
1523 464 1820 506 ECDICIAE

501 528 914 570 AL'GUSTINUS
947 529 1014 569 IN
1047 528 1308 570 DOMINO
1339 528 1638 571 SALUTEM

382 647 553 694 Lectis
578 647 763 694 litteris
789 650 1110 694 reverentiae
1136 654 1259 694 tuae
1287 654 1340 694 et
1367 664 1542 695 earum
1565 647 1822 711 perlatore

312 733 648 794 interrogato,
664 746 796 793 quae
811 730 1176 794 interroganda
1189 731 1474 787 restabant,
1488 729 1823 778 vehementer

313 811 451 860 dolui
478 815 547 859 sic
574 820 627 859 te
656 812 871 859 voluisse
901 828 1054 876 agere
1081 829 1196 859 cum
1223 814 1426 868 marito,
1450 819 1509 860 ut
1535 813 1822 861 aedificium

314 898 680 950 continentiae,
700 895 837 958 quod
853 898 906 940 in
925 911 984 941 eo
1002 897 1104 941 iam
1123 897 1346 941 construi
1363 902 1622 959 coeperat,
1640 899 1824 943 amissa

313 980 696 1041 perseverantia
724 981 777 1023 in
808 977 1045 1024 adulterii
1072 981 1271 1024 ruinam
1300 977 1657 1025 miserabiliter
1684 977 1823 1026 labe-

311 1067 469 1107 retur.
554 1060 683 1106 Cum
731 1063 867 1106 enim
913 1059 1166 1124 lugendus
1215 1067 1368 1116 esset,
1415 1063 1456 1107 si
1499 1067 1618 1124 post
1663 1064 1822 1108 conti-

313 1145 544 1189 nentiam
585 1149 758 1189 votam
801 1143 897 1189 deo
938 1145 1144 1206 iamque
1186 1149 1305 1189 actu
1344 1145 1454 1206 ipso
1494 1144 1822 1208 moribusque

313 1232 605 1288 susceptam
636 1231 985 1271 reverteretur
1017 1225 1083 1272 ad
1114 1227 1341 1289 coniugis
1373 1242 1597 1282 carnem,
1629 1233 1822 1290 quanto

311 1310 475 1371 magis
525 1325 660 1354 nunc
711 1308 973 1354 demersus
1023 1310 1076 1353 in
1124 1310 1392 1354 interitum
1440 1306 1823 1371 profundiorem

312 1389 564 1453 lugendus
587 1397 682 1446 est,
703 1393 789 1453 qui
809 1397 917 1436 tam
938 1391 1157 1453 abrupta
1176 1389 1505 1437 dissolutione
1523 1389 1823 1438 moechatur

312 1475 472 1518 iratus
505 1473 600 1518 tibi
632 1476 943 1535 perniciosus
977 1473 1089 1528 sibi,
1122 1479 1389 1536 tamquam
1420 1475 1473 1519 in
1504 1479 1560 1520 te
1593 1474 1822 1520 acerbius

314 1558 527 1610 saeviat,
569 1557 609 1600 si
649 1558 759 1617 ipse
800 1555 1015 1618 pereat!
1086 1555 1198 1601 Hoc
1240 1562 1416 1602 autem
1455 1562 1662 1602 tantum
1701 1554 1823 1602 mali

315 1637 516 1692 accidit,
570 1637 692 1684 dum
745 1644 804 1683 tu
854 1640 960 1684 eius
1010 1640 1235 1683 animum
1288 1655 1390 1684 non
1443 1654 1546 1701 qua
1599 1638 1822 1685 debuisti

312 1720 665 1766 moderatione
687 1723 940 1775 tractasti,
962 1722 1098 1782 quia,
1121 1722 1218 1766 etsi
1239 1719 1426 1766 carnali
1447 1723 1699 1767 consortio
1719 1723 1821 1767 iam

315 1818 378 1847 ex
404 1818 653 1848 consensu
678 1803 818 1848 vobis
844 1819 945 1848 non
969 1803 1337 1859 miscebamini,
1359 1805 1413 1848 in
1437 1805 1621 1850 ceteris
1644 1809 1822 1850 tamen

312 1885 464 1930 rebus
514 1883 766 1948 coniugali
817 1885 1061 1948 obsequio
1110 1887 1216 1932 viro
1265 1891 1358 1931 tuo
1405 1883 1588 1931 mulier
1635 1888 1822 1932 servire

314 1967 555 2022 debuisti,
611 1970 915 2029 praesertim
973 1984 1089 2013 cum
1148 1967 1298 2014 ambo
1357 1970 1536 2014 essetis
1592 1968 1824 2014 membra

312 2052 531 2111 corporis
575 2048 777 2095 Christi.
847 2050 917 2096 Et
958 2052 1156 2113 utique,
1198 2052 1239 2096 si
1279 2053 1521 2096 maritum
1561 2049 1821 2097 infidelem

315 2130 476 2177 fidelis
529 2129 811 2188 habuisses,
865 2148 1019 2195 agere
1071 2139 1125 2178 te
1179 2134 1564 2179 conversatione
1616 2132 1824 2179 subdita

311 2216 556 2276 oportuit,
599 2220 657 2260 ut
700 2231 817 2260 eum
861 2215 1065 2261 domino
1106 2213 1389 2270 lucrareris,
1431 2217 1562 2261 sicut
1604 2212 1820 2277 apostoli

312 2303 637 2342 monuerunt.

377 2378 576 2424 Omitto
614 2382 767 2434 enim,
804 2379 942 2442 quod
976 2382 1138 2442 ipsam
1174 2381 1562 2435 continentiam,
1587 2377 1672 2425 illo
1696 2395 1820 2425 non-

648 2536 666 2554 α
699 2531 879 2571 Ecdicia
903 2533 937 2571 is
961 2535 1037 2571 not
1059 2532 1289 2572 otherwise
1310 2530 1491 2572 known.

840 2585 855 2609 ὸ
887 2585 1003 2638 Eph.
1027 2600 1067 2626 v.
1091 2589 1161 2633 30,
1183 2590 1265 2626 etc.

320 2665 413 2707 500
