<?xml version="1.0" encoding="UTF-8"?>
<!DOCTYPE html PUBLIC "-//W3C//DTD XHTML 1.0 Transitional//EN"
    "http://www.w3.org/TR/xhtml1/DTD/xhtml1-transitional.dtd">
<html xmlns="http://www.w3.org/1999/xhtml" xml:lang="en" lang="en">
 <head>
  <title>
</title>
<meta http-equiv="Content-Type" content="text/html;charset=utf-8" />
  <meta name='ocr-system' content='tesseract 3.04.00' />
  <meta name='ocr-capabilities' content='ocr_page ocr_carea ocr_par ocr_line ocrx_word'/>
</head>
<body>
  <div class='ocr_page' id='page_1' title='image "./selectletters00auguuoft_0092.png"; bbox 0 0 1866 2964; ppageno 0'>
   <div class='ocr_carea' id='block_1_1' title="bbox 797 184 1332 235">
    <p class='ocr_par' dir='ltr' id='par_1_1' title="bbox 797 184 1332 235">
     <span class='ocr_line' id='line_1_1' title="bbox 797 184 1332 235; baseline -0.002 0"><span class='ocrx_word' id='word_1_1' title='bbox 797 184 887 235; x_wconf 84' lang='lat' dir='ltr'><strong>ST.</strong></span> <span class='ocrx_word' id='word_1_2' title='bbox 925 187 1332 235; x_wconf 88' lang='lat' dir='ltr'>AUGUSTINE</span> 
     </span>
    </p>
   </div>
   <div class='ocr_carea' id='block_1_2' title="bbox 262 318 1826 2220">
    <p class='ocr_par' dir='ltr' id='par_1_2' title="bbox 309 318 1823 1338">
     <span class='ocr_line' id='line_1_2' title="bbox 309 318 1819 384; baseline -0.003 -15"><span class='ocrx_word' id='word_1_3' title='bbox 309 325 500 370; x_wconf 88' lang='lat' dir='ltr'><strong>sentire</strong></span> <span class='ocrx_word' id='word_1_4' title='bbox 538 324 683 384; x_wconf 88' lang='lat' dir='ltr'><strong>coepi</strong></span> <span class='ocrx_word' id='word_1_5' title='bbox 719 323 1043 367; x_wconf 78' lang='lat' dir='ltr'><strong>temeritates</strong></span> <span class='ocrx_word' id='word_1_6' title='bbox 1078 318 1534 382; x_wconf 85' lang='lat' dir='ltr'><strong>reprehensionum</strong></span> <span class='ocrx_word' id='word_1_7' title='bbox 1569 335 1819 375; x_wconf 89' lang='lat' dir='ltr'><strong>mearum,</strong></span> 
     </span>
     <span class='ocr_line' id='line_1_3' title="bbox 310 386 1819 454; baseline -0.003 -17"><span class='ocrx_word' id='word_1_8' title='bbox 310 407 623 454; x_wconf 88' lang='lat' dir='ltr'><strong>quamquam</strong></span> <span class='ocrx_word' id='word_1_9' title='bbox 652 396 705 435; x_wconf 88' lang='lat' dir='ltr'><strong>et</strong></span> <span class='ocrx_word' id='word_1_10' title='bbox 733 396 887 435; x_wconf 89' lang='lat' dir='ltr'><strong>antea</strong></span> <span class='ocrx_word' id='word_1_11' title='bbox 912 387 1393 451; x_wconf 88' lang='lat' dir='ltr'><strong>periculosissimum</strong></span> <span class='ocrx_word' id='word_1_12' title='bbox 1417 388 1697 435; x_wconf 86' lang='lat' dir='ltr'><strong>iudicarem</strong></span> <span class='ocrx_word' id='word_1_13' title='bbox 1722 386 1819 433; x_wconf 93' lang='lat' dir='ltr'><strong>hoc</strong></span> 
     </span>
     <span class='ocr_line' id='line_1_4' title="bbox 309 455 1819 520; baseline -0.002 -15"><span class='ocrx_word' id='word_1_14' title='bbox 309 461 662 505; x_wconf 89' lang='lat' dir='ltr'><strong>ministerium.</strong></span> <span class='ocrx_word' id='word_1_15' title='bbox 730 457 800 503; x_wconf 91' lang='lat' dir='ltr'><strong>Et</strong></span> <span class='ocrx_word' id='word_1_16' title='bbox 834 455 952 504; x_wconf 88' lang='lat' dir='ltr'><strong>hinc</strong></span> <span class='ocrx_word' id='word_1_17' title='bbox 988 463 1136 503; x_wconf 89' lang='lat' dir='ltr'><strong>erant</strong></span> <span class='ocrx_word' id='word_1_18' title='bbox 1164 455 1281 502; x_wconf 90' lang='lat' dir='ltr'><strong>illae</strong></span> <span class='ocrx_word' id='word_1_19' title='bbox 1304 455 1562 512; x_wconf 90' lang='lat' dir='ltr'><strong>lacrimae,</strong></span> <span class='ocrx_word' id='word_1_20' title='bbox 1585 472 1716 520; x_wconf 87' lang='lat' dir='ltr'><strong>quas</strong></span> <span class='ocrx_word' id='word_1_21' title='bbox 1734 471 1819 501; x_wconf 91' lang='lat' dir='ltr'><strong>me</strong></span> 
     </span>
     <span class='ocr_line' id='line_1_5' title="bbox 311 522 1820 573; baseline -0.003 0"><span class='ocrx_word' id='word_1_22' title='bbox 311 526 527 573; x_wconf 85' lang='lat' dir='ltr'><strong>fundere</strong></span> <span class='ocrx_word' id='word_1_23' title='bbox 546 529 598 571; x_wconf 91' lang='lat' dir='ltr'><strong>in</strong></span> <span class='ocrx_word' id='word_1_24' title='bbox 619 528 849 571; x_wconf 65' lang='lat' dir='ltr'><strong>noxitate</strong></span> <span class='ocrx_word' id='word_1_25' title='bbox 869 525 1201 571; x_wconf 77' lang='lat' dir='ltr'><strong>ordinationis</strong></span> <span class='ocrx_word' id='word_1_26' title='bbox 1220 540 1369 570; x_wconf 86' lang='lat' dir='ltr'><strong>meae</strong></span> <span class='ocrx_word' id='word_1_27' title='bbox 1389 523 1617 570; x_wconf 91' lang='lat' dir='ltr'><strong>nonnulli</strong></span> <span class='ocrx_word' id='word_1_28' title='bbox 1634 522 1820 570; x_wconf 88' lang='lat' dir='ltr'><strong>fratres</strong></span> 
     </span>
     <span class='ocr_line' id='line_1_6' title="bbox 313 591 1819 649; baseline -0.003 -8"><span class='ocrx_word' id='word_1_29' title='bbox 313 595 806 649; x_wconf 73' lang='lat' dir='ltr'><strong>animadverterunt,</strong></span> <span class='ocrx_word' id='word_1_30' title='bbox 844 600 898 639; x_wconf 90' lang='lat' dir='ltr'><strong>et</strong></span> <span class='ocrx_word' id='word_1_31' title='bbox 933 595 1223 639; x_wconf 79' lang='lat' dir='ltr'><strong>nescientes</strong></span> <span class='ocrx_word' id='word_1_32' title='bbox 1269 608 1446 639; x_wconf 86' lang='lat' dir='ltr'><strong>causas</strong></span> <span class='ocrx_word' id='word_1_33' title='bbox 1491 591 1676 639; x_wconf 91' lang='lat' dir='ltr'><strong>doloris</strong></span> <span class='ocrx_word' id='word_1_34' title='bbox 1717 593 1819 637; x_wconf 88' lang='lat' dir='ltr'><strong>mei</strong></span> 
     </span>
     <span class='ocr_line' id='line_1_7' title="bbox 312 659 1821 726; baseline -0.003 -17"><span class='ocrx_word' id='word_1_35' title='bbox 312 663 495 726; x_wconf 89' lang='lat' dir='ltr'><strong>quibus</strong></span> <span class='ocrx_word' id='word_1_36' title='bbox 522 668 806 724; x_wconf 90' lang='lat' dir='ltr'><strong>potuerunt</strong></span> <span class='ocrx_word' id='word_1_37' title='bbox 833 661 1170 716; x_wconf 78' lang='lat' dir='ltr'><strong>sermonibus,</strong></span> <span class='ocrx_word' id='word_1_38' title='bbox 1198 663 1285 724; x_wconf 90' lang='lat' dir='ltr'><strong>qui</strong></span> <span class='ocrx_word' id='word_1_39' title='bbox 1313 663 1518 707; x_wconf 90' lang='lat' dir='ltr'><strong>omnino</strong></span> <span class='ocrx_word' id='word_1_40' title='bbox 1548 660 1613 707; x_wconf 90' lang='lat' dir='ltr'><strong>ad</strong></span> <span class='ocrx_word' id='word_1_41' title='bbox 1640 659 1821 706; x_wconf 91' lang='lat' dir='ltr'><strong>vulnus</strong></span> 
     </span>
     <span class='ocr_line' id='line_1_8' title="bbox 310 727 1822 792; baseline -0.003 -15"><span class='ocrx_word' id='word_1_42' title='bbox 310 747 483 777; x_wconf 89' lang='lat' dir='ltr'><strong>meum</strong></span> <span class='ocrx_word' id='word_1_43' title='bbox 513 747 614 776; x_wconf 90' lang='lat' dir='ltr'><strong>non</strong></span> <span class='ocrx_word' id='word_1_44' title='bbox 641 732 982 792; x_wconf 83' lang='lat' dir='ltr'><strong>pertinerent,</strong></span> <span class='ocrx_word' id='word_1_45' title='bbox 1009 735 1188 775; x_wconf 90' lang='lat' dir='ltr'><strong>tamen</strong></span> <span class='ocrx_word' id='word_1_46' title='bbox 1214 729 1349 775; x_wconf 92' lang='lat' dir='ltr'><strong>bono</strong></span> <span class='ocrx_word' id='word_1_47' title='bbox 1379 731 1547 774; x_wconf 91' lang='lat' dir='ltr'><strong>animo</strong></span> <span class='ocrx_word' id='word_1_48' title='bbox 1575 727 1822 775; x_wconf 88' lang='lat' dir='ltr'><strong>consolati</strong></span> 
     </span>
     <span class='ocr_line' id='line_1_9' title="bbox 312 795 1820 859; baseline -0.003 -14"><span class='ocrx_word' id='word_1_49' title='bbox 312 806 446 845; x_wconf 91' lang='lat' dir='ltr'><strong>sunt.</strong></span> <span class='ocrx_word' id='word_1_50' title='bbox 516 797 617 844; x_wconf 85' lang='lat' dir='ltr'><strong>Sed</strong></span> <span class='ocrx_word' id='word_1_51' title='bbox 667 796 848 853; x_wconf 90' lang='lat' dir='ltr'><strong>multo,</strong></span> <span class='ocrx_word' id='word_1_52' title='bbox 897 796 1046 843; x_wconf 87' lang='lat' dir='ltr'><strong>valde</strong></span> <span class='ocrx_word' id='word_1_53' title='bbox 1096 795 1259 843; x_wconf 90' lang='lat' dir='ltr'><strong>multo</strong></span> <span class='ocrx_word' id='word_1_54' title='bbox 1310 795 1526 859; x_wconf 90' lang='lat' dir='ltr'><strong>amplius</strong></span> <span class='ocrx_word' id='word_1_55' title='bbox 1577 802 1820 858; x_wconf 87' lang='lat' dir='ltr'><strong>expertus</strong></span> 
     </span>
     <span class='ocr_line' id='line_1_10' title="bbox 312 863 1821 929; baseline -0.003 -16"><span class='ocrx_word' id='word_1_56' title='bbox 312 884 442 922; x_wconf 91' lang='lat' dir='ltr'><strong>sum,</strong></span> <span class='ocrx_word' id='word_1_57' title='bbox 472 883 625 929; x_wconf 87' lang='lat' dir='ltr'><strong>quam</strong></span> <span class='ocrx_word' id='word_1_58' title='bbox 654 866 922 927; x_wconf 85' lang='lat' dir='ltr'><strong>putabam,</strong></span> <span class='ocrx_word' id='word_1_59' title='bbox 951 882 1053 911; x_wconf 91' lang='lat' dir='ltr'><strong>non</strong></span> <span class='ocrx_word' id='word_1_60' title='bbox 1082 868 1202 927; x_wconf 90' lang='lat' dir='ltr'><strong>quia</strong></span> <span class='ocrx_word' id='word_1_61' title='bbox 1229 881 1385 911; x_wconf 90' lang='lat' dir='ltr'><strong>novos</strong></span> <span class='ocrx_word' id='word_1_62' title='bbox 1415 863 1609 927; x_wconf 88' lang='lat' dir='ltr'><strong>aliquos</strong></span> <span class='ocrx_word' id='word_1_63' title='bbox 1637 863 1821 910; x_wconf 89' lang='lat' dir='ltr'><strong>fluctus</strong></span> 
     </span>
     <span class='ocr_line' id='line_1_11' title="bbox 312 931 1822 996; baseline -0.003 -15"><span class='ocrx_word' id='word_1_64' title='bbox 312 942 403 981; x_wconf 88' lang='lat' dir='ltr'><strong>aut</strong></span> <span class='ocrx_word' id='word_1_65' title='bbox 427 940 770 996; x_wconf 86' lang='lat' dir='ltr'><strong>tempestates</strong></span> <span class='ocrx_word' id='word_1_66' title='bbox 795 933 915 988; x_wconf 83' lang='lat' dir='ltr'><strong>vidi,</strong></span> <span class='ocrx_word' id='word_1_67' title='bbox 940 949 1066 996; x_wconf 87' lang='lat' dir='ltr'><strong>quas</strong></span> <span class='ocrx_word' id='word_1_68' title='bbox 1092 940 1213 978; x_wconf 87' lang='lat' dir='ltr'><strong>ante</strong></span> <span class='ocrx_word' id='word_1_69' title='bbox 1238 950 1341 979; x_wconf 91' lang='lat' dir='ltr'><strong>non</strong></span> <span class='ocrx_word' id='word_1_70' title='bbox 1364 933 1591 979; x_wconf 88' lang='lat' dir='ltr'><strong>videram</strong></span> <span class='ocrx_word' id='word_1_71' title='bbox 1615 931 1697 978; x_wconf 90' lang='lat' dir='ltr'><strong>vel</strong></span> <span class='ocrx_word' id='word_1_72' title='bbox 1720 949 1822 978; x_wconf 92' lang='lat' dir='ltr'><strong>non</strong></span> 
     </span>
     <span class='ocr_line' id='line_1_12' title="bbox 312 1000 1823 1064; baseline -0.002 -15"><span class='ocrx_word' id='word_1_73' title='bbox 312 1003 573 1050; x_wconf 84' lang='lat' dir='ltr'><strong>audieram</strong></span> <span class='ocrx_word' id='word_1_74' title='bbox 598 1001 679 1048; x_wconf 80' lang='lat' dir='ltr'><strong>vel</strong></span> <span class='ocrx_word' id='word_1_75' title='bbox 701 1018 804 1047; x_wconf 92' lang='lat' dir='ltr'><strong>non</strong></span> <span class='ocrx_word' id='word_1_76' title='bbox 825 1000 1053 1064; x_wconf 84' lang='lat' dir='ltr'><strong>legeram</strong></span> <span class='ocrx_word' id='word_1_77' title='bbox 1084 1000 1165 1046; x_wconf 85' lang='lat' dir='ltr'><strong>vel</strong></span> <span class='ocrx_word' id='word_1_78' title='bbox 1199 1018 1302 1046; x_wconf 92' lang='lat' dir='ltr'><strong>non</strong></span> <span class='ocrx_word' id='word_1_79' title='bbox 1332 1003 1696 1064; x_wconf 89' lang='lat' dir='ltr'><strong>cogitaveram,</strong></span> <span class='ocrx_word' id='word_1_80' title='bbox 1731 1000 1823 1046; x_wconf 88' lang='lat' dir='ltr'><strong>sed</strong></span> 
     </span>
     <span class='ocr_line' id='line_1_13' title="bbox 313 1067 1822 1131; baseline -0.002 -14"><span class='ocrx_word' id='word_1_81' title='bbox 313 1072 378 1118; x_wconf 90' lang='lat' dir='ltr'><strong>ad</strong></span> <span class='ocrx_word' id='word_1_82' title='bbox 408 1087 493 1117; x_wconf 86' lang='lat' dir='ltr'><strong>eas</strong></span> <span class='ocrx_word' id='word_1_83' title='bbox 525 1070 790 1116; x_wconf 77' lang='lat' dir='ltr'><strong>evitandas</strong></span> <span class='ocrx_word' id='word_1_84' title='bbox 821 1076 911 1115; x_wconf 88' lang='lat' dir='ltr'><strong>aut</strong></span> <span class='ocrx_word' id='word_1_85' title='bbox 938 1067 1271 1131; x_wconf 89' lang='lat' dir='ltr'><strong>perferendas</strong></span> <span class='ocrx_word' id='word_1_86' title='bbox 1300 1068 1579 1115; x_wconf 82' lang='lat' dir='ltr'><strong>sollertiam</strong></span> <span class='ocrx_word' id='word_1_87' title='bbox 1609 1075 1664 1115; x_wconf 87' lang='lat' dir='ltr'><strong>et</strong></span> <span class='ocrx_word' id='word_1_88' title='bbox 1691 1071 1822 1114; x_wconf 89' lang='lat' dir='ltr'><strong>vires</strong></span> 
     </span>
     <span class='ocr_line' id='line_1_14' title="bbox 311 1135 1823 1185; baseline -0.002 0"><span class='ocrx_word' id='word_1_89' title='bbox 311 1156 453 1185; x_wconf 88' lang='lat' dir='ltr'><strong>meas</strong></span> <span class='ocrx_word' id='word_1_90' title='bbox 505 1142 710 1184; x_wconf 91' lang='lat' dir='ltr'><strong>omnino</strong></span> <span class='ocrx_word' id='word_1_91' title='bbox 761 1154 864 1183; x_wconf 92' lang='lat' dir='ltr'><strong>non</strong></span> <span class='ocrx_word' id='word_1_92' title='bbox 914 1153 1156 1183; x_wconf 86' lang='lat' dir='ltr'><strong>noveram</strong></span> <span class='ocrx_word' id='word_1_93' title='bbox 1209 1144 1263 1183; x_wconf 91' lang='lat' dir='ltr'><strong>et</strong></span> <span class='ocrx_word' id='word_1_94' title='bbox 1314 1135 1523 1183; x_wconf 91' lang='lat' dir='ltr'><strong>alicuius</strong></span> <span class='ocrx_word' id='word_1_95' title='bbox 1572 1139 1823 1183; x_wconf 87' lang='lat' dir='ltr'><strong>momenti</strong></span> 
     </span>
     <span class='ocr_line' id='line_1_15' title="bbox 312 1205 1823 1253; baseline -0.002 0"><span class='ocrx_word' id='word_1_96' title='bbox 312 1207 612 1253; x_wconf 87' lang='lat' dir='ltr'><strong>arbitrabar.</strong></span> <span class='ocrx_word' id='word_1_97' title='bbox 683 1206 934 1251; x_wconf 88' lang='lat' dir='ltr'><strong>Dominus</strong></span> <span class='ocrx_word' id='word_1_98' title='bbox 986 1212 1162 1251; x_wconf 90' lang='lat' dir='ltr'><strong>autem</strong></span> <span class='ocrx_word' id='word_1_99' title='bbox 1212 1207 1379 1251; x_wconf 88' lang='lat' dir='ltr'><strong>inrisit</strong></span> <span class='ocrx_word' id='word_1_100' title='bbox 1427 1221 1512 1251; x_wconf 89' lang='lat' dir='ltr'><strong>me</strong></span> <span class='ocrx_word' id='word_1_101' title='bbox 1565 1211 1620 1251; x_wconf 87' lang='lat' dir='ltr'><strong>et</strong></span> <span class='ocrx_word' id='word_1_102' title='bbox 1669 1205 1823 1251; x_wconf 90' lang='lat' dir='ltr'><strong>rebus</strong></span> 
     </span>
     <span class='ocr_line' id='line_1_16' title="bbox 311 1271 1373 1338; baseline -0.003 -16"><span class='ocrx_word' id='word_1_103' title='bbox 311 1279 431 1338; x_wconf 87' lang='lat' dir='ltr'><strong>ipsis</strong></span> <span class='ocrx_word' id='word_1_104' title='bbox 455 1274 729 1322; x_wconf 89' lang='lat' dir='ltr'><strong>ostendere</strong></span> <span class='ocrx_word' id='word_1_105' title='bbox 753 1272 914 1319; x_wconf 85' lang='lat' dir='ltr'><strong>voluit</strong></span> <span class='ocrx_word' id='word_1_106' title='bbox 936 1289 1019 1319; x_wconf 92' lang='lat' dir='ltr'><strong>me</strong></span> <span class='ocrx_word' id='word_1_107' title='bbox 1042 1276 1209 1335; x_wconf 90' lang='lat' dir='ltr'><strong>ipsum</strong></span> <span class='ocrx_word' id='word_1_108' title='bbox 1232 1271 1373 1319; x_wconf 85' lang='lat' dir='ltr'><strong>mihi.</strong></span> 
     </span>
    </p>

    <p class='ocr_par' dir='ltr' id='par_1_3' title="bbox 262 1338 1826 2220">
     <span class='ocr_line' id='line_1_17' title="bbox 262 1338 1823 1401; baseline -0.004 -9"><span class='ocrx_word' id='word_1_109' title='bbox 262 1353 286 1392; x_wconf 91' lang='lat'>3</span> <span class='ocrx_word' id='word_1_110' title='bbox 376 1343 527 1401; x_wconf 78' lang='lat' dir='ltr'><strong>Quod</strong></span> <span class='ocrx_word' id='word_1_111' title='bbox 557 1346 597 1388; x_wconf 91' lang='lat' dir='ltr'><strong>si</strong></span> <span class='ocrx_word' id='word_1_112' title='bbox 627 1359 729 1388; x_wconf 91' lang='lat' dir='ltr'><strong>non</strong></span> <span class='ocrx_word' id='word_1_113' title='bbox 759 1341 1069 1397; x_wconf 88' lang='lat' dir='ltr'><strong>damnando,</strong></span> <span class='ocrx_word' id='word_1_114' title='bbox 1099 1341 1191 1387; x_wconf 90' lang='lat' dir='ltr'><strong>sed</strong></span> <span class='ocrx_word' id='word_1_115' title='bbox 1219 1340 1508 1387; x_wconf 86' lang='lat' dir='ltr'><strong>miserando</strong></span> <span class='ocrx_word' id='word_1_116' title='bbox 1537 1338 1823 1386; x_wconf 88' lang='lat' dir='ltr'><strong>fecit—hoc</strong></span> 
     </span>
     <span class='ocr_line' id='line_1_18' title="bbox 315 1408 1825 1474; baseline -0.002 -17"><span class='ocrx_word' id='word_1_117' title='bbox 315 1415 451 1457; x_wconf 90' lang='lat' dir='ltr'><strong>enim</strong></span> <span class='ocrx_word' id='word_1_118' title='bbox 483 1427 633 1474; x_wconf 90' lang='lat' dir='ltr'><strong>spero</strong></span> <span class='ocrx_word' id='word_1_119' title='bbox 666 1416 813 1464; x_wconf 30' lang='lat' dir='ltr'><strong>certe.</strong></span> <span class='ocrx_word' id='word_1_120' title='bbox 831 1408 912 1455; x_wconf 89' lang='lat' dir='ltr'><strong>vel</strong></span> <span class='ocrx_word' id='word_1_121' title='bbox 944 1426 1077 1455; x_wconf 89' lang='lat' dir='ltr'><strong>nunc</strong></span> <span class='ocrx_word' id='word_1_122' title='bbox 1110 1412 1317 1472; x_wconf 87' lang='lat' dir='ltr'><strong>cognita</strong></span> <span class='ocrx_word' id='word_1_123' title='bbox 1342 1408 1665 1472; x_wconf 87' lang='lat' dir='ltr'><strong>aegritudine</strong></span> <span class='ocrx_word' id='word_1_124' title='bbox 1690 1424 1825 1464; x_wconf 90' lang='lat' dir='ltr'><strong>mea,</strong></span> 
     </span>
     <span class='ocr_line' id='line_1_19' title="bbox 312 1477 1826 1540; baseline -0.003 -14"><span class='ocrx_word' id='word_1_125' title='bbox 312 1480 543 1525; x_wconf 83' lang='lat' dir='ltr'><strong>——debeo</strong></span> <span class='ocrx_word' id='word_1_126' title='bbox 580 1481 944 1540; x_wconf 90' lang='lat' dir='ltr'><strong>scripturarum</strong></span> <span class='ocrx_word' id='word_1_127' title='bbox 971 1480 1078 1523; x_wconf 90' lang='lat' dir='ltr'><strong>eius</strong></span> <span class='ocrx_word' id='word_1_128' title='bbox 1102 1477 1483 1523; x_wconf 83' lang='lat' dir='ltr'><strong>medicamenta</strong></span> <span class='ocrx_word' id='word_1_129' title='bbox 1507 1479 1677 1522; x_wconf 90' lang='lat' dir='ltr'><strong>omnia</strong></span> <span class='ocrx_word' id='word_1_130' title='bbox 1711 1492 1826 1539; x_wconf 90' lang='lat' dir='ltr'><strong>per-</strong></span> 
     </span>
     <span class='ocr_line' id='line_1_20' title="bbox 313 1543 1825 1608; baseline -0.003 -15"><span class='ocrx_word' id='word_1_131' title='bbox 313 1550 527 1593; x_wconf 87' lang='lat' dir='ltr'><strong>scrutari</strong></span> <span class='ocrx_word' id='word_1_132' title='bbox 558 1553 611 1592; x_wconf 90' lang='lat' dir='ltr'><strong>et</strong></span> <span class='ocrx_word' id='word_1_133' title='bbox 641 1545 832 1592; x_wconf 90' lang='lat' dir='ltr'><strong>orando</strong></span> <span class='ocrx_word' id='word_1_134' title='bbox 863 1561 921 1591; x_wconf 90' lang='lat' dir='ltr'><strong>ac</strong></span> <span class='ocrx_word' id='word_1_135' title='bbox 949 1543 1170 1608; x_wconf 87' lang='lat' dir='ltr'><strong>legendo</strong></span> <span class='ocrx_word' id='word_1_136' title='bbox 1201 1561 1374 1608; x_wconf 89' lang='lat' dir='ltr'><strong>agere,</strong></span> <span class='ocrx_word' id='word_1_137' title='bbox 1403 1551 1462 1591; x_wconf 92' lang='lat' dir='ltr'><strong>ut</strong></span> <span class='ocrx_word' id='word_1_138' title='bbox 1490 1545 1676 1591; x_wconf 89' lang='lat' dir='ltr'><strong>idonea</strong></span> <span class='ocrx_word' id='word_1_139' title='bbox 1705 1543 1825 1590; x_wconf 88' lang='lat' dir='ltr'><strong>vali-</strong></span> 
     </span>
     <span class='ocr_line' id='line_1_21' title="bbox 314 1612 1826 1676; baseline -0.003 -14"><span class='ocrx_word' id='word_1_140' title='bbox 314 1616 440 1662; x_wconf 84' lang='lat' dir='ltr'><strong>tudo</strong></span> <span class='ocrx_word' id='word_1_141' title='bbox 483 1618 682 1660; x_wconf 89' lang='lat' dir='ltr'><strong>animae</strong></span> <span class='ocrx_word' id='word_1_142' title='bbox 723 1629 872 1660; x_wconf 90' lang='lat' dir='ltr'><strong>meae</strong></span> <span class='ocrx_word' id='word_1_143' title='bbox 913 1613 978 1659; x_wconf 89' lang='lat' dir='ltr'><strong>ad</strong></span> <span class='ocrx_word' id='word_1_144' title='bbox 1017 1620 1125 1659; x_wconf 88' lang='lat' dir='ltr'><strong>tam</strong></span> <span class='ocrx_word' id='word_1_145' title='bbox 1165 1612 1449 1675; x_wconf 90' lang='lat' dir='ltr'><strong>periculosa</strong></span> <span class='ocrx_word' id='word_1_146' title='bbox 1487 1615 1698 1676; x_wconf 88' lang='lat' dir='ltr'><strong>negotia</strong></span> <span class='ocrx_word' id='word_1_147' title='bbox 1737 1615 1826 1658; x_wconf 90' lang='lat' dir='ltr'><strong>tri-</strong></span> 
     </span>
     <span class='ocr_line' id='line_1_22' title="bbox 313 1679 1823 1743; baseline -0.003 -13"><span class='ocrx_word' id='word_1_148' title='bbox 313 1684 518 1730; x_wconf 89' lang='lat' dir='ltr'><strong>buatur.</strong></span> <span class='ocrx_word' id='word_1_149' title='bbox 587 1682 738 1740; x_wconf 82' lang='lat' dir='ltr'><strong>Quod</strong></span> <span class='ocrx_word' id='word_1_150' title='bbox 776 1688 897 1727; x_wconf 88' lang='lat' dir='ltr'><strong>ante</strong></span> <span class='ocrx_word' id='word_1_151' title='bbox 935 1697 1038 1726; x_wconf 91' lang='lat' dir='ltr'><strong>non</strong></span> <span class='ocrx_word' id='word_1_152' title='bbox 1073 1679 1190 1736; x_wconf 86' lang='lat' dir='ltr'><strong>feci,</strong></span> <span class='ocrx_word' id='word_1_153' title='bbox 1229 1684 1349 1743; x_wconf 91' lang='lat' dir='ltr'><strong>quia</strong></span> <span class='ocrx_word' id='word_1_154' title='bbox 1387 1687 1441 1727; x_wconf 89' lang='lat' dir='ltr'><strong>et</strong></span> <span class='ocrx_word' id='word_1_155' title='bbox 1477 1687 1684 1742; x_wconf 89' lang='lat' dir='ltr'><strong>tempus</strong></span> <span class='ocrx_word' id='word_1_156' title='bbox 1721 1697 1823 1726; x_wconf 91' lang='lat' dir='ltr'><strong>non</strong></span> 
     </span>
     <span class='ocr_line' id='line_1_23' title="bbox 314 1749 1824 1810; baseline -0.002 -13"><span class='ocrx_word' id='word_1_157' title='bbox 314 1750 505 1806; x_wconf 81' lang='lat' dir='ltr'><strong>habui3</strong></span> <span class='ocrx_word' id='word_1_158' title='bbox 555 1757 678 1796; x_wconf 89' lang='lat' dir='ltr'><strong>tunc</strong></span> <span class='ocrx_word' id='word_1_159' title='bbox 716 1752 852 1795; x_wconf 87' lang='lat' dir='ltr'><strong>enim</strong></span> <span class='ocrx_word' id='word_1_160' title='bbox 885 1749 1148 1795; x_wconf 90' lang='lat' dir='ltr'><strong>ordinatus</strong></span> <span class='ocrx_word' id='word_1_161' title='bbox 1185 1765 1315 1805; x_wconf 89' lang='lat' dir='ltr'><strong>sum,</strong></span> <span class='ocrx_word' id='word_1_162' title='bbox 1342 1765 1457 1794; x_wconf 93' lang='lat' dir='ltr'><strong>cum</strong></span> <span class='ocrx_word' id='word_1_163' title='bbox 1494 1749 1558 1795; x_wconf 91' lang='lat' dir='ltr'><strong>de</strong></span> <span class='ocrx_word' id='word_1_164' title='bbox 1593 1751 1703 1810; x_wconf 92' lang='lat' dir='ltr'><strong>ipso</strong></span> <span class='ocrx_word' id='word_1_165' title='bbox 1739 1765 1824 1794; x_wconf 86' lang='lat' dir='ltr'><strong>va-</strong></span> 
     </span>
     <span class='ocr_line' id='line_1_24' title="bbox 315 1816 1823 1880; baseline -0.002 -15"><span class='ocrx_word' id='word_1_166' title='bbox 315 1822 528 1865; x_wconf 88' lang='lat' dir='ltr'><strong>cationis</strong></span> <span class='ocrx_word' id='word_1_167' title='bbox 553 1825 788 1880; x_wconf 88' lang='lat' dir='ltr'><strong>tempore</strong></span> <span class='ocrx_word' id='word_1_168' title='bbox 816 1817 881 1863; x_wconf 88' lang='lat' dir='ltr'><strong>ad</strong></span> <span class='ocrx_word' id='word_1_169' title='bbox 909 1817 1287 1880; x_wconf 88' lang='lat' dir='ltr'><strong>cognoscendas</strong></span> <span class='ocrx_word' id='word_1_170' title='bbox 1321 1816 1516 1863; x_wconf 81' lang='lat' dir='ltr'><strong>divinas</strong></span> <span class='ocrx_word' id='word_1_171' title='bbox 1549 1819 1823 1879; x_wconf 88' lang='lat' dir='ltr'><strong>scripturas</strong></span> 
     </span>
     <span class='ocr_line' id='line_1_25' title="bbox 315 1883 1822 1950; baseline -0.001 -18"><span class='ocrx_word' id='word_1_172' title='bbox 315 1890 658 1950; x_wconf 87' lang='lat' dir='ltr'><strong>cogitaremus</strong></span> <span class='ocrx_word' id='word_1_173' title='bbox 686 1892 740 1931; x_wconf 91' lang='lat' dir='ltr'><strong>et</strong></span> <span class='ocrx_word' id='word_1_174' title='bbox 766 1888 834 1931; x_wconf 90' lang='lat' dir='ltr'><strong>sic</strong></span> <span class='ocrx_word' id='word_1_175' title='bbox 861 1901 950 1931; x_wconf 90' lang='lat' dir='ltr'><strong>nos</strong></span> <span class='ocrx_word' id='word_1_176' title='bbox 978 1885 1247 1946; x_wconf 87' lang='lat' dir='ltr'><strong>disponere</strong></span> <span class='ocrx_word' id='word_1_177' title='bbox 1285 1883 1548 1939; x_wconf 89' lang='lat' dir='ltr'><strong>vellemus,</strong></span> <span class='ocrx_word' id='word_1_178' title='bbox 1584 1891 1643 1930; x_wconf 91' lang='lat' dir='ltr'><strong>ut</strong></span> <span class='ocrx_word' id='word_1_179' title='bbox 1678 1884 1822 1930; x_wconf 88' lang='lat' dir='ltr'><strong>nobis</strong></span> 
     </span>
     <span class='ocr_line' id='line_1_26' title="bbox 314 1951 1822 2016; baseline -0.003 -15"><span class='ocrx_word' id='word_1_180' title='bbox 314 1958 475 2001; x_wconf 89' lang='lat' dir='ltr'><strong>otium</strong></span> <span class='ocrx_word' id='word_1_181' title='bbox 515 1954 580 2000; x_wconf 88' lang='lat' dir='ltr'><strong>ad</strong></span> <span class='ocrx_word' id='word_1_182' title='bbox 616 1952 711 1999; x_wconf 93' lang='lat' dir='ltr'><strong>hoc</strong></span> <span class='ocrx_word' id='word_1_183' title='bbox 747 1956 1014 2016; x_wconf 88' lang='lat' dir='ltr'><strong>negotium</strong></span> <span class='ocrx_word' id='word_1_184' title='bbox 1050 1959 1225 2014; x_wconf 90' lang='lat' dir='ltr'><strong>posset</strong></span> <span class='ocrx_word' id='word_1_185' title='bbox 1262 1968 1388 1999; x_wconf 89' lang='grc'><strong>6556.</strong></span> <span class='ocrx_word' id='word_1_186' title='bbox 1458 1951 1610 2010; x_wconf 84' lang='lat' dir='ltr'><strong>Quod</strong></span> <span class='ocrx_word' id='word_1_187' title='bbox 1646 1968 1822 1998; x_wconf 90' lang='lat' dir='ltr'><strong>verum</strong></span> 
     </span>
     <span class='ocr_line' id='line_1_27' title="bbox 316 2019 1824 2084; baseline -0.002 -15"><span class='ocrx_word' id='word_1_188' title='bbox 316 2030 412 2078; x_wconf 86' lang='lat' dir='ltr'><strong>est,</strong></span> <span class='ocrx_word' id='word_1_189' title='bbox 435 2023 661 2068; x_wconf 90' lang='lat' dir='ltr'><strong>nondum</strong></span> <span class='ocrx_word' id='word_1_190' title='bbox 684 2022 925 2076; x_wconf 84' lang='lat' dir='ltr'><strong>sciebam,</strong></span> <span class='ocrx_word' id='word_1_191' title='bbox 948 2021 1071 2084; x_wconf 91' lang='lat' dir='ltr'><strong>quid</strong></span> <span class='ocrx_word' id='word_1_192' title='bbox 1092 2019 1216 2065; x_wconf 87' lang='lat' dir='ltr'><strong>mihi</strong></span> <span class='ocrx_word' id='word_1_193' title='bbox 1237 2020 1444 2066; x_wconf 90' lang='lat' dir='ltr'><strong>deesset</strong></span> <span class='ocrx_word' id='word_1_194' title='bbox 1466 2020 1531 2066; x_wconf 89' lang='lat' dir='ltr'><strong>ad</strong></span> <span class='ocrx_word' id='word_1_195' title='bbox 1552 2019 1656 2066; x_wconf 89' lang='lat' dir='ltr'><strong>tale</strong></span> <span class='ocrx_word' id='word_1_196' title='bbox 1679 2036 1824 2082; x_wconf 92' lang='lat' dir='ltr'><strong>opus,</strong></span> 
     </span>
     <span class='ocr_line' id='line_1_28' title="bbox 315 2087 1824 2153; baseline -0.002 -17"><span class='ocrx_word' id='word_1_197' title='bbox 315 2089 465 2153; x_wconf 85' lang='lat' dir='ltr'><strong>quale</strong></span> <span class='ocrx_word' id='word_1_198' title='bbox 485 2106 567 2136; x_wconf 89' lang='lat' dir='ltr'><strong>me</strong></span> <span class='ocrx_word' id='word_1_199' title='bbox 587 2106 720 2135; x_wconf 91' lang='lat' dir='ltr'><strong>nunc</strong></span> <span class='ocrx_word' id='word_1_200' title='bbox 741 2095 951 2151; x_wconf 87' lang='lat' dir='ltr'><strong>torquet</strong></span> <span class='ocrx_word' id='word_1_201' title='bbox 976 2095 1030 2134; x_wconf 89' lang='lat' dir='ltr'><strong>et</strong></span> <span class='ocrx_word' id='word_1_202' title='bbox 1054 2091 1290 2134; x_wconf 89' lang='lat' dir='ltr'><strong>conterit.</strong></span> <span class='ocrx_word' id='word_1_203' title='bbox 1351 2087 1503 2146; x_wconf 80' lang='lat' dir='ltr'><strong>Quod</strong></span> <span class='ocrx_word' id='word_1_204' title='bbox 1527 2091 1568 2134; x_wconf 89' lang='lat' dir='ltr'><strong>si</strong></span> <span class='ocrx_word' id='word_1_205' title='bbox 1591 2094 1824 2150; x_wconf 88' lang='lat' dir='ltr'><strong>propter-</strong></span> 
     </span>
     <span class='ocr_line' id='line_1_29' title="bbox 316 2154 1823 2220; baseline -0.002 -16"><span class='ocrx_word' id='word_1_206' title='bbox 316 2175 377 2204; x_wconf 86' lang='lat' dir='ltr'><strong>ea</strong></span> <span class='ocrx_word' id='word_1_207' title='bbox 413 2161 463 2203; x_wconf 92' lang='lat' dir='ltr'><strong>in</strong></span> <span class='ocrx_word' id='word_1_208' title='bbox 505 2174 560 2204; x_wconf 91' lang='lat' dir='ltr'><strong>re</strong></span> <span class='ocrx_word' id='word_1_209' title='bbox 599 2160 707 2220; x_wconf 87' lang='lat' dir='ltr'><strong>ipsa</strong></span> <span class='ocrx_word' id='word_1_210' title='bbox 745 2157 915 2212; x_wconf 89' lang='lat' dir='ltr'><strong>didici,</strong></span> <span class='ocrx_word' id='word_1_211' title='bbox 957 2156 1080 2219; x_wconf 91' lang='lat' dir='ltr'><strong>quid</strong></span> <span class='ocrx_word' id='word_1_212' title='bbox 1121 2159 1188 2202; x_wconf 92' lang='lat' dir='ltr'><strong>sit</strong></span> <span class='ocrx_word' id='word_1_213' title='bbox 1228 2154 1420 2202; x_wconf 92' lang='lat' dir='ltr'><strong>homini</strong></span> <span class='ocrx_word' id='word_1_214' title='bbox 1462 2159 1823 2211; x_wconf 87' lang='lat' dir='ltr'><strong>necessarium,</strong></span> 
     </span>
    </p>
   </div>
   <div class='ocr_carea' id='block_1_3' title="bbox 318 2356 1826 2618">
    <p class='ocr_par' dir='ltr' id='par_1_4' title="bbox 318 2356 1826 2618">
     <span class='ocr_line' id='line_1_30' title="bbox 375 2356 1823 2409; baseline -0.002 -10"><span class='ocrx_word' id='word_1_215' title='bbox 375 2365 391 2383; x_wconf 84' lang='lat'><strong><em>⁰</em></strong></span> <span class='ocrx_word' id='word_1_216' title='bbox 422 2359 528 2399; x_wconf 86' lang='lat' dir='ltr'><strong>This</strong></span> <span class='ocrx_word' id='word_1_217' title='bbox 563 2372 652 2398; x_wconf 79' lang='lat' dir='ltr'><strong>was</strong></span> <span class='ocrx_word' id='word_1_218' title='bbox 685 2357 805 2409; x_wconf 84' lang='lat' dir='ltr'><strong>early</strong></span> <span class='ocrx_word' id='word_1_219' title='bbox 842 2359 882 2397; x_wconf 90' lang='lat' dir='ltr'><strong>in</strong></span> <span class='ocrx_word' id='word_1_220' title='bbox 915 2360 993 2397; x_wconf 76' lang='lat'><strong>391</strong></span> <span class='ocrx_word' id='word_1_221' title='bbox 1032 2357 1105 2409; x_wconf 83' lang='lat' dir='ltr'><strong>(cf.</strong></span> <span class='ocrx_word' id='word_1_222' title='bbox 1144 2360 1162 2403; x_wconf 67' lang='grc' dir='ltr'>ξ</span> <span class='ocrx_word' id='word_1_223' title='bbox 1191 2360 1217 2396; x_wconf 81' lang='lat'>4</span> <span class='ocrx_word' id='word_1_224' title='bbox 1249 2356 1403 2396; x_wconf 87' lang='lat' dir='ltr'><strong>“until</strong></span> <span class='ocrx_word' id='word_1_225' title='bbox 1433 2356 1665 2409; x_wconf 87' lang='lat' dir='ltr'><strong>Easter”)‚</strong></span> <span class='ocrx_word' id='word_1_226' title='bbox 1696 2356 1823 2396; x_wconf 88' lang='lat' dir='ltr'><strong>when</strong></span> 
     </span>
     <span class='ocr_line' id='line_1_31' title="bbox 321 2409 1826 2465; baseline -0.003 -11"><span class='ocrx_word' id='word_1_227' title='bbox 321 2415 573 2465; x_wconf 82' lang='lat' dir='ltr'><strong>Augustine</strong></span> <span class='ocrx_word' id='word_1_228' title='bbox 595 2426 684 2452; x_wconf 84' lang='lat' dir='ltr'><strong>was</strong></span> <span class='ocrx_word' id='word_1_229' title='bbox 709 2414 752 2452; x_wconf 90' lang='lat' dir='ltr'><strong>in</strong></span> <span class='ocrx_word' id='word_1_230' title='bbox 783 2412 848 2451; x_wconf 80' lang='lat' dir='ltr'><strong>his</strong></span> <span class='ocrx_word' id='word_1_231' title='bbox 877 2411 1151 2463; x_wconf 81' lang='lat' dir='ltr'><strong>thirty-sixth</strong></span> <span class='ocrx_word' id='word_1_232' title='bbox 1184 2423 1304 2463; x_wconf 79' lang='lat' dir='ltr'><strong>year.</strong></span> <span class='ocrx_word' id='word_1_233' title='bbox 1364 2412 1546 2463; x_wconf 86' lang='lat' dir='ltr'><strong>Among</strong></span> <span class='ocrx_word' id='word_1_234' title='bbox 1566 2411 1633 2451; x_wconf 85' lang='lat' dir='ltr'><strong>his</strong></span> <span class='ocrx_word' id='word_1_235' title='bbox 1652 2409 1826 2451; x_wconf 83' lang='lat' dir='ltr'><strong>earliest</strong></span> 
     </span>
     <span class='ocr_line' id='line_1_32' title="bbox 319 2464 1824 2518; baseline -0.003 -10"><span class='ocrx_word' id='word_1_236' title='bbox 319 2470 490 2509; x_wconf 80' lang='lat' dir='ltr'><strong>actions</strong></span> <span class='ocrx_word' id='word_1_237' title='bbox 529 2472 574 2506; x_wconf 86' lang='lat' dir='ltr'><strong>at</strong></span> <span class='ocrx_word' id='word_1_238' title='bbox 614 2467 766 2518; x_wconf 78' lang='lat' dir='ltr'><strong>Hippo</strong></span> <span class='ocrx_word' id='word_1_239' title='bbox 803 2479 892 2505; x_wconf 84' lang='lat' dir='ltr'><strong>was</strong></span> <span class='ocrx_word' id='word_1_240' title='bbox 931 2466 1004 2505; x_wconf 84' lang='lat' dir='ltr'><strong>the</strong></span> <span class='ocrx_word' id='word_1_241' title='bbox 1037 2464 1260 2517; x_wconf 82' lang='lat' dir='ltr'><strong>founding</strong></span> <span class='ocrx_word' id='word_1_242' title='bbox 1298 2466 1348 2505; x_wconf 89' lang='lat' dir='ltr'><strong>of</strong></span> <span class='ocrx_word' id='word_1_243' title='bbox 1382 2479 1409 2505; x_wconf 89' lang='lat' dir='ltr'><strong>a</strong></span> <span class='ocrx_word' id='word_1_244' title='bbox 1442 2465 1824 2516; x_wconf 85' lang='lat' dir='ltr'><strong>monastery—his</strong></span> 
     </span>
     <span class='ocr_line' id='line_1_33' title="bbox 319 2519 1823 2573; baseline -0.002 -11"><span class='ocrx_word' id='word_1_245' title='bbox 319 2521 496 2569; x_wconf 87' lang='lat' dir='ltr'><strong>second,</strong></span> <span class='ocrx_word' id='word_1_246' title='bbox 518 2522 614 2561; x_wconf 81' lang='lat' dir='ltr'><strong>that</strong></span> <span class='ocrx_word' id='word_1_247' title='bbox 635 2526 680 2561; x_wconf 86' lang='lat' dir='ltr'><strong>at</strong></span> <span class='ocrx_word' id='word_1_248' title='bbox 704 2521 895 2573; x_wconf 82' lang='lat' dir='ltr'><strong>Tagaste</strong></span> <span class='ocrx_word' id='word_1_249' title='bbox 921 2522 1170 2572; x_wconf 82' lang='lat' dir='ltr'><strong>remaining</strong></span> <span class='ocrx_word' id='word_1_250' title='bbox 1193 2522 1237 2560; x_wconf 91' lang='lat' dir='ltr'><strong>in</strong></span> <span class='ocrx_word' id='word_1_251' title='bbox 1263 2519 1336 2560; x_wconf 86' lang='lat' dir='ltr'><strong>the</strong></span> <span class='ocrx_word' id='word_1_252' title='bbox 1359 2520 1522 2572; x_wconf 87' lang='lat' dir='ltr'><strong>charge</strong></span> <span class='ocrx_word' id='word_1_253' title='bbox 1547 2520 1597 2560; x_wconf 90' lang='lat' dir='ltr'><strong>of</strong></span> <span class='ocrx_word' id='word_1_254' title='bbox 1618 2519 1823 2571; x_wconf 80' lang='lat' dir='ltr'><strong>Alypius.</strong></span> 
     </span>
     <span class='ocr_line' id='line_1_34' title="bbox 318 2573 1821 2618; baseline -0.002 -1"><span class='ocrx_word' id='word_1_255' title='bbox 318 2578 404 2618; x_wconf 86' lang='lat' dir='ltr'><strong>For</strong></span> <span class='ocrx_word' id='word_1_256' title='bbox 443 2577 568 2616; x_wconf 81' lang='lat' dir='ltr'><strong>other</strong></span> <span class='ocrx_word' id='word_1_257' title='bbox 607 2580 816 2616; x_wconf 80' lang='lat' dir='ltr'><strong>accounts</strong></span> <span class='ocrx_word' id='word_1_258' title='bbox 857 2576 907 2615; x_wconf 90' lang='lat' dir='ltr'><strong>of</strong></span> <span class='ocrx_word' id='word_1_259' title='bbox 940 2575 1026 2615; x_wconf 87' lang='lat' dir='ltr'><strong>this</strong></span> <span class='ocrx_word' id='word_1_260' title='bbox 1065 2573 1247 2614; x_wconf 85' lang='lat' dir='ltr'><strong>forcible</strong></span> <span class='ocrx_word' id='word_1_261' title='bbox 1282 2573 1534 2615; x_wconf 88' lang='lat' dir='ltr'><strong>ordination</strong></span> <span class='ocrx_word' id='word_1_262' title='bbox 1573 2587 1643 2614; x_wconf 90' lang='grc'><strong>566</strong></span> <span class='ocrx_word' id='word_1_263' title='bbox 1683 2573 1821 2614; x_wconf 82' lang='lat' dir='ltr'><strong>Serm.</strong></span> 
     </span>
    </p>
   </div>
   <div class='ocr_carea' id='block_1_4' title="bbox 321 2649 383 2689">
    <p class='ocr_par' dir='ltr' id='par_1_5' title="bbox 321 2649 383 2689">
     <span class='ocr_line' id='line_1_35' title="bbox 321 2649 383 2689; baseline -0.016 0"><span class='ocrx_word' id='word_1_264' title='bbox 321 2649 383 2689; x_wconf 80' lang='lat'><strong>34</strong></span> 
     </span>
    </p>
   </div>
  </div>
 </body>
</html>
