1866 2964
727 215 817 264 ST.
856 217 1264 265 AUGUSTINE

192 355 215 393 2
305 348 457 407 Quod
475 366 632 396 senex
654 349 911 414 Megalius
929 348 1202 398 defunctus
1221 355 1305 407 sit,
1322 354 1424 398 iam
1442 369 1530 399 vos
1549 353 1751 400 audisse

241 420 353 479 quis
388 418 634 464 dubitet?
702 418 865 464 Erant
900 426 1075 465 autem
1113 436 1139 465 a
1175 420 1495 482 depositione
1529 423 1751 483 corporis

240 488 366 540 eius,
386 502 501 531 cum
520 485 648 532 haec
667 487 958 542 scriberem,
978 487 1086 534 dies
1106 486 1267 534 ferme
1287 491 1468 552 viginti
1488 496 1749 552 quattuor.

242 552 431 599 Utrum
449 557 551 599 iam
570 554 772 610 Videris,
792 555 1097 617 disponebas
1118 558 1272 611 enim,
1291 573 1633 603 successorem
1651 559 1751 619 pri-

239 628 408 667 matus
427 625 552 677 eius,
568 625 607 668 si
624 622 733 668 fieri
746 630 938 684 potest,
953 639 1100 669 nosse
1117 623 1363 670 volumus.
1433 624 1548 671 Non
1563 625 1751 671 desunt

240 689 479 736 scandala
505 690 596 737 sed
621 706 789 753 neque
816 689 1073 754 refugium
1098 706 1109 746 ;
1153 709 1256 738 non
1282 692 1469 738 desunt
1494 708 1751 739 maerores

240 757 332 803 sed
371 774 540 820 neque
581 757 968 805 consolationes,
1038 760 1213 822 Atque
1253 763 1389 806 inter
1427 759 1555 806 haec
1595 777 1750 823 quam

240 824 553 888 vigilandum
592 829 675 881 sit,
714 843 779 872 ne
819 829 1118 889 cuiusquam
1157 828 1330 874 odium
1369 828 1531 875 cordis
1568 831 1751 874 intima

241 900 423 940 teneat
459 910 629 957 neque
667 897 818 950 sinat,
856 901 913 941 ut
950 912 1132 942 oremus
1167 894 1301 942 deum
1338 894 1385 941 in
1421 894 1561 943 cubili
1593 902 1752 943 nostro

242 960 403 1008 Clauso
424 961 557 1017 ostio,
580 962 671 1009 sed
693 962 933 1009 adversus
954 966 1121 1025 ipsum
1143 964 1298 1010 deum
1319 963 1526 1011 claudat
1546 967 1752 1019 ostium,

240 1032 373 1075 nosti
408 1033 621 1091 optime,
655 1033 849 1092 optime
884 1029 1079 1086 frater3
1132 1033 1363 1094 subrepit
1398 1039 1592 1088 autem,
1627 1032 1750 1079 dum

241 1096 364 1142 nulli
410 1101 651 1144 irascenti
696 1101 772 1144 ira
820 1115 911 1144 sua
959 1099 1162 1145 videtur
1207 1103 1412 1146 iniusta.
1483 1099 1566 1146 Ita
1615 1103 1751 1146 enim

241 1168 620 1212 inveterescens
654 1169 728 1212 ira
762 1166 820 1212 fit
853 1167 1045 1222 odium,
1080 1168 1201 1213 dum
1236 1170 1381 1230 quasi
1413 1171 1534 1214 iusti
1567 1167 1752 1215 doloris

242 1233 472 1280 admixta
506 1233 721 1280 dulcedo
755 1235 946 1281 diutius
981 1251 1095 1281 eam
1120 1238 1173 1280 in
1198 1252 1316 1282 vase
1344 1236 1564 1291 detinet,
1590 1236 1753 1282 donec

241 1307 411 1347 totum
433 1309 633 1348 acescat
654 1319 844 1365 vasque
865 1310 1173 1365 corrumpat.
1242 1303 1570 1366 Quapropter
1589 1303 1752 1350 multo

240 1368 421 1415 melius
444 1386 538 1416 1160
560 1373 694 1417 iuste
718 1373 955 1433 cuiquam
977 1374 1256 1427 irascimur,
1280 1388 1433 1434 quam
1456 1371 1597 1418 velut
1618 1375 1752 1418 iuste

240 1438 505 1484 irascendo
547 1441 599 1484 in
644 1437 852 1485 alicuius
897 1439 1070 1485 odium
1113 1442 1218 1485 irae
1263 1438 1461 1486 occulta
1503 1438 1753 1486 facilitate

241 1504 542 1552 delabimur.
612 1505 673 1551 In
713 1507 1017 1568 recipiendis
1061 1510 1196 1553 enim
1238 1506 1522 1570 hospitibus
1563 1510 1753 1571 ignotis

241 1572 461 1619 solemus
497 1574 666 1620 dicere
701 1573 865 1620 multo
903 1591 1013 1620 esse
1049 1574 1230 1620 melius
1266 1574 1458 1621 malum
1493 1574 1754 1622 hominem

241 1645 444 1703 perpeti
461 1659 614 1704 quam
631 1641 845 1688 forsitan
860 1659 952 1704 per
967 1646 1310 1706 ignorantiam
1327 1642 1529 1690 excludi
1543 1641 1753 1699 bonum,

243 1709 365 1755 dum
386 1726 641 1765 cavemus,
662 1726 727 1756 ne
747 1713 1023 1772 recipiatur
1043 1710 1221 1756 malus.
1292 1710 1395 1758 Sed
1413 1714 1466 1756 in
1487 1709 1753 1758 affectibus

243 1780 397 1822 animi
421 1785 617 1824 contra
659 1785 753 1824 est.
824 1778 955 1823 Nam
997 1778 1464 1840 incomparabiliter
1505 1778 1754 1826 salubrius

243 1852 321 1891 est
355 1848 460 1891 irae
497 1849 654 1892 etiam
688 1849 822 1892 iuste
858 1846 1082 1908 pulsanti
1118 1864 1220 1892 non
1255 1850 1452 1909 aperire
1487 1846 1754 1909 penetrale

241 1913 404 1959 cordis
432 1930 586 1976 quam
614 1914 889 1960 admittere
918 1932 1019 1960 non
1045 1913 1193 1961 facile
1220 1931 1534 1961 recessuram
1562 1922 1616 1961 et
1641 1931 1752 1978 per-

306 2057 324 2076 α
360 2052 527 2105 Bishop
562 2054 613 2093 of
643 2053 828 2094 Calama
858 2053 947 2093 and
980 2054 1172 2094 Primate
1202 2055 1253 2094 of
1279 2054 1508 2102 Numidia,
1538 2054 1639 2095 who
1667 2059 1756 2095 two

249 2121 377 2158 years
410 2107 560 2148 before
592 2108 679 2148 this
713 2108 801 2148 had
834 2108 1048 2149 ordained
1082 2110 1335 2161 Augustine
1366 2122 1415 2149 as
1447 2109 1678 2162 coadjutor
1708 2113 1755 2150 to

249 2161 453 2202 Valerius
478 2167 524 2202 at
548 2163 715 2214 Hippo,
741 2162 958 2215 although
983 2163 1137 2203 earlier
1162 2164 1216 2204 he
1240 2163 1329 2204 had
1353 2163 1550 2216 opposed
1576 2164 1756 2216 Augus-

248 2216 377 2257 tine's
401 2216 586 2257 election
611 2217 699 2257 and
726 2217 856 2257 made
880 2220 1046 2258 serious
1069 2218 1255 2270 charges
1278 2220 1455 2270 against
1478 2218 1585 2266 him,
1609 2218 1754 2259 which

249 2271 304 2311 he
338 2284 426 2310 was
460 2271 720 2312 afterwards
754 2272 999 2324 compelled
1034 2277 1079 2312 to
1113 2272 1355 2313 withdraw.
1422 2272 1646 2325 Probably
1678 2273 1754 2313 the

250 2326 581 2367 remembrance
599 2328 649 2366 of
660 2326 783 2366 these
800 2327 985 2380 charges
1003 2327 1241 2379 suggested
1259 2332 1304 2367 to
1322 2327 1611 2378 Augustine's
1630 2327 1752 2368 mind

249 2380 367 2420 what
387 2380 556 2421 follows
578 2395 634 2421 on
657 2380 901 2433 ill—feeling.
961 2381 1222 2433 Megalius’s
1243 2395 1467 2422 successor
1487 2383 1531 2422 in
1553 2381 1753 2430 Calama,

248 2434 386 2475 about
423 2436 542 2487 forty
583 2435 704 2475 miles
743 2436 1002 2476 south-west
1040 2437 1091 2476 of
1125 2436 1293 2489 Hippo,
1332 2449 1422 2476 was
1461 2436 1752 2489 Augustine’s

251 2489 534 2583 biqgaqph5r‚
552 2490 800 2582 ·P?*SSidius'

365 2573 376 2583 i
417 2558 443 2583 a
488 2575 496 2584 .
519 2558 576 2584 vi.
610 2562 640 2584 J.

308 2603 322 2622 ⁰
359 2597 429 2649 Cf.
455 2598 545 2639 Cic.
574 2599 696 2639 Taso.
722 2600 777 2640 iv.
802 2602 842 2640 9.
866 2601 937 2647 521,
961 2598 1050 2639 and
1074 2600 1142 2642 for
1166 2599 1241 2643 the
1264 2599 1290 2615 “
1310 2597 1451 2641 vessel
1470 2598 1496 2615 '’
1521 2599 1755 2656 metaphor

259 2661 352 2710 106
