1866 2964
810 174 901 222 ST.
939 175 1346 224 AUGUSTINE

321 323 407 353 eos
424 310 688 369 inponere,
708 310 883 371 eisque
903 325 1058 371 saepe
1079 309 1267 356 dixerit
1286 310 1425 373 quod
1442 313 1698 357 orationes
1719 312 1827 356 eius

320 376 596 421 exauditae
621 383 793 422 essent
817 377 880 423 de
905 385 1078 424 nostro
1103 378 1347 433 adventu,
1371 395 1497 442 quos
1520 395 1623 425 non
1645 381 1826 441 utique

320 444 386 490 ad
400 460 724 490 communem
739 452 960 491 mortem
975 445 1056 491 vel
1070 446 1420 508 spectaculum
1434 450 1611 493 mortis
1625 445 1826 492 illorum

317 512 409 558 sed
445 513 510 558 ad
543 529 868 559 communem
901 521 1143 560 conatum
1177 518 1231 560 in
1265 521 1532 561 aeternam
1565 516 1725 561 vitam
1761 514 1826 561 ad

319 596 372 626 se
396 583 594 626 venisse
615 580 840 628 laetatus
865 589 959 628 est.
1029 582 1294 629 Postremo
1319 586 1476 629 etiam
1500 583 1606 629 dixi
1627 589 1826 629 certum

317 664 428 694 esse
453 665 536 694 me
565 655 620 695 et
654 649 812 696 fidere
836 652 890 695 in
917 666 1034 696 eum
1061 654 1148 713 qui
1173 654 1380 697 mentiri
1404 654 1586 707 nescit,
1612 654 1699 714 qui
1733 667 1826 713 per

317 733 371 762 os
395 715 681 778 prophetae
706 721 781 763 sui
805 717 1059 780 pollicitus
1085 725 1164 764 est
1189 719 1253 766 de
1279 719 1484 766 domino
1508 726 1682 765 nostro
1708 718 1826 765 Iesu

318 783 520 831 Christo
556 785 763 831 dicens:
826 785 878 832 Si
911 785 1182 851 reliquerint
1210 786 1315 850 filii
1354 786 1454 834 eius
1494 787 1638 851 legem
1677 803 1824 833 meam

318 860 360 898 et
392 852 439 898 iu
465 852 730 917 praeceptis
762 853 875 900 meis
905 871 995 900 nou
1026 853 1379 910 ambulaverint,
1407 854 1449 902 si
1475 853 1827 918 iustificationes

316 938 444 967 meas
467 918 848 984 profanaverint,
877 921 1073 969 visitabo
1101 923 1149 968 in
1179 923 1315 987 virga
1331 921 1566 986 facinora
1595 940 1751 969 eorum
1783 929 1825 969 et

315 989 363 1035 in
384 989 604 1052 flagellis
637 989 805 1036 delicta
840 1007 995 1037 eorum
1013 1009 1034 1043 ,·
1086 990 1449 1038 misericordiam
1485 997 1637 1038 autem
1674 1007 1822 1037 meam

314 1074 406 1104 nou
438 1056 676 1121 auferam,
708 1061 761 1103 in
795 1075 914 1104 eum
949 1076 1070 1122 ergo
1103 1076 1187 1105 me
1222 1059 1398 1115 fidere,
1432 1059 1587 1122 quod,
1621 1062 1662 1105 si
1695 1058 1822 1105 haec

313 1133 463 1172 tanta
494 1143 627 1189 quae
653 1127 749 1173 sibi
781 1134 954 1173 essent
988 1126 1124 1173 lecta
1151 1134 1205 1174 et
1231 1128 1387 1183 dicta,
1412 1134 1824 1182 contemnerent,

314 1197 610 1240 visitaturus
642 1202 778 1240 esset
806 1198 860 1240 in
890 1199 1033 1259 virga
1065 1203 1119 1242 et
1148 1199 1201 1241 in
1231 1195 1434 1260 flagello
1465 1212 1560 1242 nec
1592 1211 1677 1242 eos
1708 1211 1823 1258 per-

314 1266 557 1308 missurus
602 1280 718 1308 cum
762 1261 857 1309 hoc
902 1263 1093 1310 mundo
1139 1264 1385 1310 damnari.
1456 1264 1516 1310 In
1562 1280 1665 1327 qua
1708 1280 1826 1310 con-

317 1334 586 1393 questione
623 1334 692 1377 sic
734 1338 906 1377 actum
948 1339 1006 1377 ut
1046 1348 1138 1394 pro
1179 1335 1375 1395 negotii
1416 1339 1574 1395 atque
1614 1330 1825 1394 periculi

314 1399 672 1462 magnitudine
691 1406 833 1445 tutor
854 1406 907 1445 et
926 1400 1242 1463 gubernator
1260 1407 1435 1446 noster
1454 1402 1647 1446 animos
1667 1397 1824 1446 facul-

315 1474 585 1529 tatemque
604 1468 905 1529 praebebat.
967 1467 1082 1514 Non
1102 1484 1198 1531 ego
1215 1467 1415 1514 illorum
1439 1467 1671 1513 lacrimas
1695 1470 1823 1513 meis

314 1535 532 1581 lacrimis
584 1538 737 1590 movi,
790 1536 882 1582 sed
933 1552 1049 1581 cum
1103 1535 1228 1582 talia
1279 1537 1589 1591 dicerentur,
1637 1533 1823 1590 fateor,

317 1620 492 1649 eorum
528 1602 655 1649 fletu
686 1611 996 1665 praeventus
1029 1620 1203 1650 meum
1235 1605 1493 1651 abstinere
1526 1620 1629 1650 non
1658 1606 1820 1666 potui.

316 1672 384 1717 Et
417 1688 533 1718 cum
561 1675 663 1716 iam
692 1675 886 1733 pariter
914 1671 1246 1728 flevissemus,
1274 1672 1567 1734 plenissima
1596 1687 1686 1734 spe
1716 1688 1822 1718 cor-

313 1742 553 1785 rectionis
574 1738 774 1785 illorum
799 1739 910 1786 finis
934 1743 1178 1786 sermonis
1201 1743 1303 1786 mei
1325 1738 1492 1786 factus
1517 1746 1611 1786 est.

266 1813 290 1851 8
380 1807 630 1853 Postridie
672 1824 809 1863 vero,
851 1825 966 1854 cum
1006 1807 1276 1854 inluxisset
1316 1808 1424 1855 dies
1466 1811 1546 1854 cui
1587 1806 1821 1854 solebant

311 1873 486 1922 fauces
528 1882 838 1938 ventresque
882 1892 935 1922 se
980 1892 1178 1937 parare,
1221 1879 1490 1922 nuntiatur
1531 1874 1656 1921 mihi
1698 1892 1822 1921 non-

311 1943 474 1990 nullos
502 1960 678 1989 eorum
707 1947 882 1999 etiam,
911 1947 998 2007 qui
1025 1947 1246 1990 sermoni
1274 1944 1508 1999 aderant,
1535 1943 1762 1990 nondum
1792 1959 1821 1988 a

310 2015 714 2058 murmuratione
743 2028 966 2058 cessasse
996 2019 1305 2075 tantumque
1334 2015 1387 2057 in
1418 2015 1489 2058 eis
1519 2010 1688 2057 valere
1719 2013 1820 2057 vim

311 2083 564 2142 pessimae
605 2080 1006 2135 consuetudiniS,
1047 2088 1106 2126 ut
1148 2083 1255 2126 eius
1296 2087 1502 2126 tantum
1543 2096 1666 2126 voce
1708 2086 1821 2125 ute-

311 2156 491 2195 rentur
541 2154 595 2194 et
645 2148 910 2194 dicerent:
980 2147 1007 2163 “
1034 2148 1205 2207 Quare
1255 2148 1449 2195 modo?
1518 2147 1634 2194 Non
1683 2150 1820 2193 enim

377 2294 396 2311 ‘¹
427 2289 533 2329 This
556 2303 645 2328 was
667 2292 875 2340 contrary
897 2293 942 2328 to
963 2289 1038 2329 the
1060 2293 1232 2329 custom
1254 2290 1305 2329 of
1320 2288 1395 2329 the
1417 2292 1602 2329 western
1623 2287 1790 2328 church
1809 2305 1819 2329 ε

321 2345 363 2383 in
395 2343 617 2395 episcopal
647 2343 860 2383 churches
886 2343 1135 2395 presbyters
1167 2358 1277 2384 were
1307 2342 1543 2384 forbidden
1569 2347 1615 2383 to
1639 2342 1817 2395 preach.

321 2398 406 2438 For
425 2398 490 2437 his
507 2398 716 2438 violation
735 2399 785 2438 of
798 2398 883 2438 this
903 2397 994 2438 rule
1013 2399 1263 2450 Augustine
1281 2411 1369 2438 was
1386 2397 1581 2450 severely
1597 2397 1816 2439 criticized

319 2453 380 2504 by
416 2466 537 2493 some
573 2454 623 2492 of
655 2453 721 2492 his
757 2452 1018 2504 colleagues‚
1057 2452 1138 2493 but
1172 2453 1351 2493 Jerome
1386 2452 1606 2493 describes
1642 2452 1716 2492 the
1752 2466 1817 2492 re-

318 2509 515 2547 strictiori
538 2521 586 2547 as
610 2508 634 2523 ‘⁶
655 2521 681 2546 a
703 2521 808 2558 very
831 2507 918 2546 bad
942 2509 1133 2559 practice
1153 2507 1179 2522 '⁹
1201 2507 1305 2560 (Ep.
1329 2506 1422 2559 lii.).

378 2561 394 2585 ὸ
428 2561 497 2602 Ps.
521 2560 710 2601 lxxxviii.
734 2564 878 2601 31—34.

323 2642 384 2683 80
