1866 2964
762 138 853 186 ST.
892 138 1301 186 AUGUSTINE

276 274 541 334 episcopus
560 279 689 327 erat,
706 272 798 319 sed
815 272 878 318 ab
897 270 1004 318 aliis
1022 272 1328 335 quibusdam
1345 273 1548 320 obiecta
1563 271 1787 329 fuerant,

274 341 478 403 probari
518 343 728 387 minime
769 343 1077 403 potuissent,
1119 347 1276 403 atque
1319 341 1383 387 ab
1426 343 1497 388 eis
1539 357 1672 404 quae
1712 343 1787 387 in-

276 409 607 455 vidiosissime
657 409 1000 464 iactabantur,
1050 409 1311 455 videretur
1360 425 1471 455 esse
1519 415 1787 473 purgatus,

276 483 384 522 tam
432 477 750 523 miserandus
797 475 964 523 factus
1013 483 1093 523 est
1141 483 1195 523 et
1241 477 1385 523 nobis
1434 483 1489 523 et
1536 476 1661 533 aliis,
1709 483 1786 533 ut,

278 545 520 607 quicquid
548 561 576 590 a
604 544 891 591 castellanis
921 551 975 591 et
1001 544 1132 591 illius
1159 547 1379 608 regionis
1405 543 1694 592 hominibus
1722 545 1787 592 de

275 612 583 659 intolerabili
623 614 988 668 dominatione,
1028 613 1092 660 de
1131 616 1319 676 rapinis
1360 620 1414 660 et
1452 613 1660 660 diversis
1699 629 1787 676 op-

276 682 619 743 pressionibus
671 688 724 727 et
773 682 1162 727 contritionibus
1213 682 1547 737 obiciebatur,
1595 697 1789 744 nequa-

278 766 432 812 quam
455 750 599 795 nobis
622 748 727 795 tale
750 749 1027 804 videretur,
1050 756 1108 796 ut
1129 756 1340 812 propter
1360 748 1456 796 hoc
1477 748 1559 796 vel
1578 756 1790 812 propter

278 816 427 863 simul
469 824 654 863 cuncta
697 824 943 881 congesta
987 820 1284 880 episcopatu
1329 834 1447 864 eum
1488 824 1787 880 putaremus

279 901 389 932 esse
428 886 749 947 privandum,
789 886 880 933 sed
917 886 1239 932 restituenda
1278 902 1411 949 quae
1448 886 1789 949 probarentur

279 953 467 1001 ablata.

228 1032 252 1070 5
344 1021 583 1085 Denique
620 1024 904 1068 sententias
940 1028 1138 1068 nostras
1175 1024 1243 1068 sic
1278 1024 1695 1085 temperavimus,
1730 1027 1789 1068 ut

279 1089 416 1136 salvo
463 1093 761 1153 episcopatu
808 1107 910 1137 non
955 1097 1134 1137 tamen
1179 1093 1385 1136 omnino
1429 1093 1668 1153 inpunita
1710 1106 1789 1136 re-

276 1157 650 1221 linquerentur,
702 1175 833 1221 quae
886 1176 989 1204 non
1039 1159 1293 1205 deberent
1343 1157 1424 1204 vel
1475 1159 1644 1205 eidem
1693 1160 1790 1221 ipsi

280 1226 520 1289 deinceps
566 1229 858 1289 iterumque
904 1225 1140 1273 facienda
1185 1225 1266 1272 vel
1311 1229 1495 1273 ceteris
1539 1226 1791 1274 imitanda

278 1298 507 1357 proponi.
578 1294 841 1341 Honorem
870 1297 1048 1358 itaque
1079 1297 1340 1359 integrum
1371 1297 1681 1341 servavimus
1711 1297 1786 1341 iu-

280 1366 395 1408 veni
427 1364 744 1426 corrigendo,
775 1363 866 1410 sed
898 1363 1215 1426 corripiendo
1251 1366 1525 1409 minuimus
1561 1369 1790 1426 potesta-

279 1437 405 1487 tem,
441 1448 506 1477 ne
543 1431 735 1478 scilicet.
775 1434 845 1477 eis
884 1438 1148 1494 praeesset
1187 1430 1418 1487 ulterius,
1453 1448 1570 1478 cum
1606 1431 1789 1494 quibus

280 1502 348 1545 sic
387 1506 583 1563 egerat,
621 1506 678 1546 ut-
715 1498 887 1546 dolore
923 1502 1057 1546 iusto
1095 1516 1213 1546 eum
1249 1500 1343 1546 sibi
1378 1515 1617 1562 praeesse
1653 1497 1788 1546 ferre

279 1570 484 1614 omnino
514 1585 616 1614 non
645 1574 855 1630 possent
885 1575 939 1614 et
971 1585 1086 1614 cum
1112 1584 1201 1614 suo
1225 1566 1459 1631 illiusque
1483 1566 1708 1630 periculo
1737 1570 1790 1613 in

281 1634 486 1698 aliquod
524 1635 685 1682 scelus
725 1634 938 1682 forsitan
979 1643 1276 1698 erupturam
1314 1638 1675 1698 inpatientiam
1713 1637 1790 1682 sui

280 1703 464 1750 doloris
515 1704 865 1751 ostenderent.
936 1703 1165 1762 Quorum
1216 1703 1331 1750 talis
1383 1706 1580 1750 animus
1631 1706 1789 1750 etiam

280 1778 421 1827 tunc,
455 1773 659 1835 quando
693 1789 809 1819 cum
843 1775 913 1818 eis
947 1773 1011 1819 de
1044 1771 1128 1818 illo
1163 1775 1385 1834 episcopi
1419 1778 1655 1835 egerunt,
1689 1774 1790 1818 evi-

279 1840 464 1886 denter
502 1843 755 1903 apparuit,
793 1857 908 1887 cum
944 1843 1046 1886 iam
1084 1843 1157 1887 vir
1194 1839 1484 1902 spectabilis
1522 1838 1687 1896 Celer,
1724 1839 1789 1887 de

280 1911 420 1955 cuius
455 1909 723 1956 adversum
756 1925 809 1955 se
840 1911 1169 1971 praepotenti
1202 1909 1642 1955 administratione
1673 1924 1790 1954 con-

281 1984 492 2039 questus
530 1984 625 2033 est,
660 1976 851 2023 nullam
886 1984 1035 2040 gerat
1069 1976 1149 2023 vel
1183 1979 1235 2022 in
1269 1974 1443 2023 Africa
1476 1975 1558 2023 vel
1591 1979 1789 2039 uspiam

282 2052 615 2107 potestatem.

232 2119 257 2157 6
346 2112 448 2160 Sed
498 2113 620 2176 quid
678 2112 852 2159 multis
911 2112 1118 2159 morer?
1210 2111 1511 2168 Conlabora,
1564 2112 1791 2168 obsecro,

281 2182 561 2237 nobiscum,
600 2184 798 2244 pietate
839 2180 1116 2227 venerabili
1156 2181 1360 2227 domine
1399 2181 1694 2227 beatissime
1736 2187 1790 2227 et

343 2313 361 2331 ‘²
393 2307 518 2348 Celer
553 2308 736 2349 became
774 2307 1013 2360 proconsul
1051 2308 1102 2347 of
1135 2307 1290 2347 Africa
1328 2308 1373 2347 in
1411 2309 1511 2355 429,
1545 2306 1629 2347 but
1662 2307 1718 2348 he
1753 2309 1790 2348 is

283 2361 449 2402 known
478 2363 595 2403 from
627 2362 920 2415 Augustine's
949 2361 1098 2402 works
1126 2362 1243 2402 from
1274 2374 1384 2402 soon
1413 2362 1529 2402 after
1557 2364 1656 2402 400.
1718 2361 1790 2403 He

283 2419 318 2457 is
332 2416 572 2458 addressed
586 2420 630 2457 in
645 2417 761 2469 Epp.
776 2416 850 2458 lvi.
864 2416 953 2457 and
970 2416 1077 2463 lvii„
1091 2415 1235 2456 which
1248 2416 1371 2456 show
1384 2416 1478 2456 him
1489 2420 1536 2456 to
1550 2415 1663 2457 have
1675 2415 1788 2458 been

283 2485 309 2511 a
328 2471 550 2512 Donatist.
613 2471 665 2511 In
684 2472 768 2523 Ep.
787 2474 956 2512 cxxxix.
975 2473 1000 2511 2
1020 2472 1219 2512 mention
1236 2472 1272 2511 is
1289 2469 1422 2511 made
1438 2471 1490 2511 of
1501 2470 1577 2512 the
1592 2472 1791 2524 opening

283 2527 334 2566 of
352 2526 560 2567 Donatist
580 2526 796 2569 churches
817 2540 875 2568 on
898 2525 1061 2568 Celer's
1082 2530 1243 2568 estates
1264 2539 1372 2567 near
1392 2525 1561 2580 Hippo.

287 2597 380 2642 358
