1866 2964
729 177 819 224 ST.
859 178 1266 225 AUGUSTINE

238 306 372 353 male
415 311 607 356 vivunt.
679 310 796 357 Duo
838 314 1003 373 prima
1044 310 1181 357 salva
1217 314 1336 367 sint,
1372 318 1431 358 ut
1469 327 1594 374 quos
1629 325 1750 372 pae-

240 389 405 432 niteat
449 390 585 443 sint;
641 387 735 435 hoc
778 396 1033 451 optamus,
1071 388 1184 445 hoc,
1223 396 1474 452 quantum
1516 392 1568 434 in
1605 387 1750 434 nobis

241 471 337 519 est,
379 468 536 511 etiam
576 469 791 529 inpensa
831 484 987 530 opera
1025 471 1290 514 instamus.
1358 467 1590 514 Tertium
1630 482 1750 511 vero

239 545 278 587 si
306 543 431 589 deus
460 543 676 591 voluerit
702 552 969 608 tamquam
995 553 1147 608 putre
1175 549 1487 608 noxiumque
1514 539 1752 598 resecari,

238 619 385 667 valde
423 623 818 670 misericorditer
853 627 1068 686 puniet3
1126 627 1166 670 si
1204 631 1380 670 autem
1416 622 1498 669 vel
1535 620 1750 685 amplius

238 698 455 746 voluerit
497 700 577 746 vel
619 717 684 747 ne
726 700 821 748 hoc
864 702 1071 764 quidem
1113 705 1420 764 permiserit,
1462 700 1652 747 altioris
1696 705 1750 745 et

238 775 468 838 profecto
504 781 724 826 iustioris
761 779 953 826 consilii
988 783 1119 826 ratio
1155 796 1314 842 penes
1349 783 1516 842 ipsum
1554 784 1668 833 est3
1720 793 1750 822 a

237 856 381 902 nobis
416 873 589 902 curam
623 858 945 921 officiumque
981 865 1186 921 oportet
1219 858 1448 920 inpendi,
1483 871 1748 920 quousque

241 933 410 980 videre
453 936 767 991 conceditur,
808 936 1204 999 deprecantibus
1246 953 1382 991 eum,
1422 942 1482 982 ut
1522 937 1747 981 animum

237 1019 467 1059 nostrum
511 1014 781 1076 adprobet,
824 1031 925 1078 quo
967 1018 1162 1061 cunctis
1205 1014 1435 1061 volumus
1479 1029 1589 1060 esse
1632 1028 1750 1058 con-

236 1089 445 1147 sultum,
471 1090 698 1155 nihilque
728 1093 836 1139 fieri
862 1096 997 1140 sinat
1028 1110 1120 1156 per
1152 1110 1242 1139 nos
1276 1093 1414 1156 quod
1441 1099 1494 1138 et
1521 1091 1665 1138 nobis
1694 1096 1748 1136 et

237 1167 480 1216 ecclesiae
512 1186 634 1216 suae
665 1188 767 1217 non
799 1171 1042 1233 expedire
1075 1170 1227 1234 longe
1256 1169 1438 1217 melius
1468 1171 1610 1216 novit
1638 1171 1747 1231 ipse

236 1263 390 1309 quam
414 1264 521 1294 nos.

163 1331 211 1370 10
302 1325 461 1372 Modo
480 1343 595 1373 cum
615 1327 752 1389 apud
771 1326 1032 1373 Calamam
1053 1344 1296 1382 essemus,
1316 1334 1374 1373 ut
1392 1329 1551 1372 nostri
1568 1328 1620 1371 in
1638 1331 1747 1371 tam

232 1406 374 1466 gravi
404 1403 576 1451 dolore
607 1403 688 1451 vel
717 1404 1101 1452 consolarentur
1130 1405 1301 1452 afflicti
1331 1404 1412 1451 vel
1444 1404 1748 1451 sedarentur

236 1485 450 1538 accensi,
485 1490 736 1545 quantum
768 1487 1047 1546 potuimus,
1081 1484 1219 1546 quod
1250 1487 1302 1529 in
1334 1490 1568 1545 tempore
1602 1498 1747 1544 opor-

233 1563 390 1606 tuisse
408 1563 952 1617 existima'vimus,cum
970 1560 1268 1608 Christianis
1279 1564 1492 1624 egimus.
1542 1559 1744 1606 Deinde

232 1641 366 1700 ipsos
410 1642 567 1684 etiam
607 1656 854 1703 paganos,
894 1638 1015 1686 mali
1055 1643 1188 1686 tanti
1229 1646 1386 1702 caput
1427 1646 1481 1685 et
1521 1654 1746 1694 causam,

231 1723 473 1778 petentes
523 1724 581 1763 ut
624 1718 687 1764 ab
730 1720 801 1764 eis
850 1718 1156 1773 videremur,
1198 1718 1511 1772 admisimus,
1551 1723 1610 1763 ut
1649 1715 1745 1762 hac

231 1797 494 1841 occasione
534 1795 926 1842 admoneremus
965 1812 1069 1852 eos,
1108 1796 1231 1859 quid
1267 1794 1437 1842 facere
1476 1795 1747 1850 deberent,

232 1875 272 1918 si
312 1880 573 1935 saperent,
613 1890 715 1920 non
755 1880 962 1921 tantum
1002 1891 1093 1937 pro
1133 1874 1445 1920 removenda
1485 1875 1746 1936 praesenti

231 1949 569 1998 sollicitudine
598 1968 774 1998 verum
803 1955 960 2000 etiam
988 1969 1079 2015 pro
1107 1952 1411 2016 inquirenda
1438 1951 1604 1998 salute
1632 1967 1745 2014 per-

231 2036 405 2092 petua.
478 2029 649 2076 Multa
675 2047 704 2076 a
730 2030 874 2077 nobis
902 2031 1194 2086 audierunt,
1219 2029 1439 2076 multum
1466 2033 1623 2076 etiam
1649 2031 1744 2092 ipsi

230 2115 575 2171 rogaverunt;
621 2108 712 2155 sed
740 2109 872 2155 absit
905 2116 963 2155 ut
998 2108 1128 2156 tales
1162 2111 1291 2155 servi
1324 2111 1497 2164 simuS,
1525 2125 1650 2171 quos
1678 2108 1742 2154 ab

233 2188 303 2231 eis
346 2189 514 2249 rogari
558 2185 803 2242 delectet,
848 2203 877 2232 a
920 2187 1103 2250 quibus
1147 2193 1321 2233 noster
1363 2187 1597 2233 dominus
1641 2202 1742 2232 non

229 2270 455 2326 rogatur.
528 2263 679 2311 Unde
712 2265 947 2326 pervides
977 2281 1067 2327 pro
1098 2267 1371 2311 vivacitate
1401 2267 1588 2310 mentis
1618 2271 1740 2310 tuae

231 2341 295 2387 ad
347 2339 443 2387 hoc
495 2357 606 2388 esse
659 2342 929 2389 nitendum
982 2349 1184 2389 servata
1240 2342 1635 2388 mansuetudine
1689 2348 1743 2388 et

230 2418 583 2465 moderatione
616 2418 921 2476 Christiana,
952 2427 1010 2466 ut
1042 2427 1131 2466 aut
1161 2427 1359 2466 ceteros
1389 2420 1742 2466 deterreamus

231 2512 405 2543 eorum
450 2500 639 2543 imitari
686 2501 1078 2560 perversitatem
1125 2505 1215 2544 aut
1259 2504 1457 2545 ceteros
1502 2504 1740 2560 optemus

238 2615 328 2663 168
