1866 2964
771 180 861 227 ST.
901 179 1308 228 AUGUSTINE

286 314 490 362 domino
523 313 768 378 gratulor,
800 316 874 360 ita
906 320 965 360 ut
996 311 1124 359 haec
1157 312 1376 375 epistula
1406 316 1569 377 magis
1601 313 1696 359 tibi
1728 315 1795 358 sit

285 390 564 453 speculum,
607 390 693 436 ubi
743 388 903 452 qualis
951 392 1014 435 sis
1064 389 1255 445 videas,
1303 406 1457 452 quam
1508 389 1594 435 ubi
1632 388 1794 435 discas

285 466 446 530 qualis
486 483 594 512 esse
628 466 833 512 debeas.
904 465 1094 511 Verum
1126 472 1303 511 tamen
1335 465 1576 528 quicquid
1607 467 1794 517 sivein

283 546 381 588 ista
412 545 515 588 sive
552 545 605 587 in
634 544 893 604 scripturis
927 544 1113 587 sanctis
1146 544 1398 588 inveneris
1436 541 1574 604 quod
1605 541 1700 587 tibi
1729 540 1795 587 ad

283 618 470 664 bonam
498 620 656 663 vitam
695 615 859 664 adhuc
894 620 1059 663 minus
1089 623 1183 672 est,
1210 619 1345 663 insta
1381 623 1439 663 ut
1467 616 1702 679 adquiras
1741 622 1794 662 et

285 694 484 757 agendo
514 700 567 740 et
600 693 808 748 orando,
838 699 892 739 et
920 709 983 739 ex
1011 691 1087 739 his
1114 709 1245 755 quae
1274 691 1451 748 habes,
1478 694 1669 756 gratias
1698 707 1795 755 age

285 769 382 816 deo
415 776 682 832 tamquam
715 767 845 815 fonti
877 768 1140 824 bonitatis,
1173 768 1309 815 unde
1342 766 1519 824 habes,
1553 774 1709 831 atque
1741 770 1795 812 in

285 845 518 891 omnibus
561 845 705 890 bonis
749 844 945 890 actibus
988 846 1089 890 tuis
1131 842 1202 889 illi
1245 844 1311 890 da
1352 842 1658 898 claritatem,
1699 843 1793 889 tibi

284 919 644 966 humilitatem.
715 918 856 966 Sicut
894 922 1030 966 enim
1067 922 1311 982 scriptum
1349 926 1444 975 est,
1471 935 1601 966 omne
1635 918 1794 965 datum

283 994 503 1059 optimum
520 1002 561 1041 et
577 1012 707 1041 omne
722 994 891 1041 donum
901 1011 989 1059 per
978 993 1163 1059 fectum
1179 993 1421 1041 desursum
1436 1000 1503 1041 est
1517 992 1795 1041 descendens

284 1087 313 1116 α
336 1077 474 1134 putre
505 1069 742 1117 luminum.
814 1069 1300 1133 Quantumcumque
1333 1076 1509 1116 autem
1538 1072 1591 1115 in
1622 1069 1706 1116 dei
1737 1075 1791 1115 et

282 1148 499 1208 proximi
542 1148 757 1192 caritate
803 1152 959 1208 atque
1002 1147 1055 1191 in
1097 1161 1217 1191 vera
1258 1147 1457 1207 pietate
1499 1142 1792 1207 profeceris,

284 1237 438 1283 quam
461 1220 547 1267 diu
568 1223 621 1266 in
643 1218 737 1266 hac
759 1223 865 1266 vita
887 1223 1213 1276 conversaris,
1237 1223 1345 1266 sine
1367 1226 1580 1282 peccato
1602 1225 1656 1265 te
1681 1235 1791 1266 esse

283 1313 381 1342 non
402 1297 577 1343 credas
603 1312 614 1352 3
651 1296 715 1343 de
733 1299 843 1359 ipsa
868 1299 1059 1359 quippe
1083 1295 1272 1360 legitur
1296 1298 1349 1341 in
1365 1295 1550 1342 litteris
1569 1298 1755 1342 sanctis
1780 1310 1791 1341 :

283 1370 529 1436 Numquid
559 1388 650 1418 non
682 1370 916 1435 temptatio
948 1377 1015 1418 est
1046 1370 1142 1417 vita
1173 1370 1379 1417 humana
1410 1387 1549 1434 super
1579 1376 1750 1417 terram
1769 1369 1794 1416 2

283 1446 501 1494 Proinde
528 1450 768 1511 quoniam
788 1463 991 1510 semper
1016 1463 1170 1510 quam
1191 1447 1278 1494 diu
1305 1463 1357 1494 es
1377 1449 1431 1493 in
1449 1445 1543 1493 hoc
1563 1462 1792 1509 corpore,

281 1526 623 1582 necessarium
647 1530 726 1570 est
761 1523 855 1570 tibi
877 1526 930 1569 in
952 1525 1181 1569 oratione
1205 1523 1374 1570 dicere
1400 1523 1538 1586 quod
1559 1522 1792 1569 dominus

282 1598 454 1645 docuit
479 1615 490 1645 ε
530 1597 726 1645 Dimitte
761 1596 893 1645 uobis
916 1596 1069 1644 debita
1093 1604 1270 1654 nostra,
1295 1597 1413 1645 sicut
1436 1604 1478 1644 et
1501 1614 1586 1645 nos
1607 1596 1796 1644 dimitti-

282 1691 384 1721 mus
426 1673 706 1722 debitoribus
749 1673 936 1730 nostris,
980 1681 1244 1720 memento
1288 1677 1390 1720 cito
1432 1677 1715 1738 ignoscere,
1753 1675 1793 1719 si

282 1753 392 1813 quis
418 1753 470 1796 in
495 1757 549 1797 te
574 1753 863 1813 peccaverit
898 1757 951 1797 et
985 1767 1014 1796 a
1044 1757 1097 1796 te
1124 1752 1323 1797 veniam
1357 1749 1710 1814 postulaverit,
1736 1755 1795 1796 ut

281 1828 530 1872 veraciter
558 1828 717 1888 possis
749 1841 892 1872 orare
925 1832 978 1871 et
1007 1827 1230 1887 peccatis
1260 1828 1362 1872 tuis
1392 1828 1594 1871 veniam
1624 1824 1792 1871 valeas

279 1904 572 1964 impetrare.
643 1901 787 1948 Haec
814 1900 1073 1948 dilectioni
1100 1908 1222 1948 tuae
1250 1899 1557 1948 festinanter
1584 1901 1791 1964 quidem

279 1980 470 2040 scripsi,
517 1980 758 2040 quoniam
802 1994 886 2023 me
932 1975 1195 2024 festinatio
1240 1976 1508 2040 perlatoris
1554 1977 1790 2041 urgebat.

279 2052 381 2100 Sed
421 2054 518 2100 deo
559 2057 750 2117 gratias
794 2070 908 2117 ago,
950 2056 1190 2116 quoniam
1231 2054 1365 2100 bono
1407 2053 1659 2100 desiderio
1701 2059 1792 2100 tuo

279 2128 721 2193 qualitercumque
755 2146 857 2176 non
890 2127 1046 2176 defui.
1117 2128 1330 2192 Semper
1362 2135 1416 2176 te
1449 2129 1794 2176 misericordia

281 2205 362 2251 dei
387 2212 648 2268 protegat,
673 2205 877 2252 domine
903 2207 1088 2251 eximie
1115 2211 1168 2251 et
1190 2207 1374 2252 merito
1397 2207 1606 2269 insignis
1632 2211 1788 2268 atque

288 2279 594 2327 honorabilis
621 2280 704 2327 fili.

341 2455 358 2473 ‘²
391 2449 545 2491 James
568 2451 594 2491 i.
623 2453 687 2491 17.
833 2449 849 2474 θ
881 2449 970 2492 Job
992 2451 1065 2491 vii.
1093 2453 1129 2491 1.
1273 2456 1287 2475 ⁰
1322 2450 1454 2491 Matt.
1477 2452 1534 2491 vi.
1562 2453 1627 2498 12,
1646 2454 1729 2492 ete.

284 2644 380 2690 332
