1850 2964
704 157 794 205 ST.
833 158 1243 206 AUGUSTINE

219 307 246 336 a
279 307 379 353 quo
411 291 587 337 dicunt
619 306 672 336 se
704 289 859 336 fuisse
891 291 1144 346 turbatos,
1177 291 1242 337 ad
1271 307 1355 337 me
1385 293 1595 338 mittere
1626 308 1728 338 non

217 372 514 432 gravemini.
586 370 694 415 Aut
732 371 868 414 enim
905 385 1007 414 non
1042 368 1299 432 intellegit
1334 368 1520 415 librum
1553 385 1727 416 meum

217 454 304 492 aut
338 445 470 493 forte
503 449 611 509 ipse
645 463 747 492 non
778 445 1114 510 intellegitur,
1148 447 1352 509 quando
1385 446 1727 494 difficillimam

217 528 572 587 quaestionem
610 531 663 570 et
699 527 873 587 paucis
910 524 1302 588 intellegibilem
1339 524 1532 572 solvere
1570 532 1727 589 atque

216 603 436 649 enodare
469 609 696 649 conatur.
769 602 888 665 Ipsa
919 609 998 650 est
1031 607 1167 649 enim
1199 606 1432 666 quaestio
1464 604 1528 650 de
1559 601 1728 668 gratia

214 681 313 736 dei,
341 697 472 743 quae
499 679 622 727 fecit
647 688 705 727 ut
724 679 955 727 homines
975 698 1077 728 non
1096 681 1460 745 intellegentes
1479 688 1727 745 putarent

214 758 501 821 apostolum
572 758 788 805 Paulum
858 759 1063 806 dicere:
1144 758 1398 806 Faciamus
1467 759 1612 816 mala,
1677 766 1728 807 ut

212 836 397 883 veniant
444 836 577 883 bona.
650 837 802 884 Unde
858 836 1116 900 apostolus
1164 837 1346 884 Petrus
1399 841 1452 884 in
1502 838 1726 885 secunda

214 914 433 977 epistula
470 932 596 961 sua:
648 914 961 979 Quapropter,
997 919 1183 979 inquit,
1219 915 1468 972 carissimi,
1500 916 1614 963 haec
1648 933 1726 963 εω-

203 1000 459 1057 pectantes,
497 992 613 1040 satis
655 993 778 1057 agite
810 992 1022 1040 inviolati
1062 1000 1104 1040 et
1144 993 1416 1041 inmaculati
1457 994 1585 1058 apud
1623 1011 1726 1041 eum

210 1071 403 1135 reperiri
428 1071 475 1118 in
495 1088 630 1135 pace,
657 1078 699 1117 et
729 1071 904 1118 domini
928 1071 1074 1135 nostri
1098 1072 1374 1136 patientiam
1405 1072 1599 1119 salutem
1630 1072 1726 1119 exi-

209 1150 407 1205 stimate,
448 1149 565 1196 sicut
604 1156 645 1196 et
684 1149 1011 1196 dilectissimus
1037 1149 1205 1215 frater
1243 1157 1397 1197 noster
1435 1150 1616 1198 Paulus
1655 1168 1725 1198 se-

208 1228 407 1274 cundum
443 1245 545 1274 eam
582 1244 703 1291 quae
733 1227 846 1274 data
876 1234 944 1274 est
973 1228 1015 1274 ei
1051 1228 1329 1293 sapientiam
1369 1228 1555 1293 scripsit
1596 1228 1725 1277 vobis

208 1313 257 1352 ut
282 1313 324 1352 et
350 1306 397 1352 in
424 1305 634 1352 omnibus
660 1305 872 1370 epistulis
899 1306 1090 1371 loquens
1116 1306 1165 1353 in
1191 1306 1258 1353 eis
1283 1306 1340 1353 de
1366 1306 1456 1363 his,
1482 1307 1531 1354 in
1557 1307 1725 1372 quibus

207 1391 313 1431 sunt
335 1383 563 1449 quaedam
586 1383 799 1449 difficilia
821 1384 1067 1441 intellectu,
1090 1402 1210 1449 quae
1230 1384 1401 1432 indocti
1422 1392 1464 1432 et
1484 1384 1724 1433 instabiles

207 1462 413 1509 homines
429 1469 698 1526 pervertunt
720 1462 838 1510 sicut
860 1470 902 1509 et
923 1469 1097 1511 ceteras
1120 1463 1377 1528 scripturas
1400 1463 1463 1510 ad
1476 1463 1722 1529 proprium

207 1558 339 1587 suum
365 1540 612 1587 interitum.

271 1619 463 1665 Cavete
488 1636 609 1683 ergo
636 1620 774 1682 quod
798 1626 974 1666 tantus
1002 1619 1261 1682 apostolus
1287 1627 1396 1667 tam
1421 1620 1721 1668 terribiliter

206 1698 345 1753 dicit,
390 1705 460 1752 et,
504 1698 590 1743 ubi
633 1700 834 1744 sentitis
877 1715 979 1744 non
1021 1715 1107 1745 vos
1149 1698 1472 1762 intellegere,
1513 1702 1720 1746 interim

205 1776 399 1822 credite
439 1776 620 1822 divinis
660 1775 871 1839 eloquiis
908 1779 1028 1839 quia
1060 1783 1113 1823 et
1143 1776 1361 1823 liberum
1391 1775 1607 1824 hominis
1640 1785 1719 1825 est

205 1854 470 1900 arbitrium
501 1861 553 1899 et
583 1857 749 1917 gratia
781 1854 881 1910 dei,
912 1857 1019 1900 sine
1049 1858 1190 1901 cuius
1221 1855 1472 1902 adiutorio
1501 1854 1718 1902 liberum

205 1933 470 1977 arbitrium
498 1948 592 1977 nec
620 1935 847 1978 converti
874 1939 1049 1995 potest
1077 1933 1142 1980 ad
1169 1933 1323 1980 deum
1350 1949 1445 1980 nec
1471 1933 1717 1996 proficere

202 2013 253 2055 in
291 2010 463 2065 deum,
502 2017 573 2065 et,
612 2010 749 2073 quod
784 2013 868 2073 pie
906 2011 1129 2067 creditis,
1167 2018 1226 2058 ut
1263 2014 1420 2058 etiam
1457 2015 1718 2075 sapienter

202 2087 534 2151 intellegatis,
575 2095 733 2134 orate.
805 2089 873 2135 Et
913 2089 979 2135 ad
1016 2088 1110 2135 hoc
1148 2092 1314 2152 ipsum
1354 2093 1508 2146 enim,
1545 2090 1599 2137 id
1637 2098 1717 2139 est

202 2172 259 2211 ut
295 2169 555 2228 sapienter
589 2166 968 2230 intellegamus,
1005 2175 1083 2214 est
1119 2171 1298 2231 utique
1332 2167 1549 2215 liberum
1585 2169 1715 2215 arbi-

201 2247 370 2289 trium.
443 2243 550 2289 Nisi
611 2247 746 2290 enim
807 2244 966 2292 libero
1027 2247 1236 2292 arbitrio
1295 2245 1712 2310 intellegeremus

201 2328 358 2384 atque
401 2337 713 2384 saperemus,
756 2339 856 2369 non
898 2324 1042 2370 nobis
1082 2326 1466 2387 praeciperetur
1507 2324 1711 2371 dicente

376 2531 393 2549 ‘¹
429 2526 558 2567 Rom.
583 2528 641 2567 iii.
667 2530 705 2568 8.
1099 2527 1114 2552 ⁶
1146 2531 1172 2570 2
1196 2528 1289 2570 Pet.
1314 2530 1372 2569 iii.
1400 2531 1540 2570 14-16.

203 2609 299 2649 412
