1866 2964
790 188 881 235 ST.
920 189 1327 236 AUGUSTINE

302 325 396 368 nisi
420 328 677 384 parcatur,
702 323 797 368 nisi
823 321 948 368 fides
975 338 1107 384 quae
1132 322 1201 368 ibi
1227 322 1350 369 data
1376 329 1455 369 est
1479 323 1813 379 custodiatur,

301 411 567 474 sacrilegii,
614 413 823 474 periurii
871 414 1081 457 crimine
1130 411 1430 458 detinentur
1478 415 1635 459 etiam
1682 412 1812 459 tales

300 500 548 556 homines,
569 503 655 563 qui
678 503 841 564 magis
867 508 1110 547 metuunt
1129 504 1360 563 peierare
1381 518 1535 564 quam
1553 501 1813 548 hominem

301 590 530 637 occidere
551 605 562 645 ;
600 596 654 636 et
679 606 786 645 nos,
813 597 987 636 utrum
1016 590 1279 652 implenda
1309 593 1375 637 sit
1401 597 1606 637 extorta
1629 594 1814 638 iuratio

302 696 561 726 servorum
621 678 705 725 dei
751 695 965 726 munere
1019 682 1306 726 sanctitatis
1365 683 1814 743 praeminentium,

300 768 666 815 monachorum
708 769 773 815 ad
812 767 1185 831 perfectionem
1225 770 1586 816 mandatorum
1627 769 1815 817 Christi

299 875 469 905 rerum
493 861 649 905 etiam
686 875 891 904 suarum
921 858 1281 905 distributione
1314 863 1643 914 currentium,
1671 861 1815 922 quasi

300 948 635 1011 disceptaturi
658 950 893 1010 ponimus
920 951 1291 1010 quaestionem.

224 1044 273 1082 12
366 1037 498 1083 Nam
530 1037 653 1101 quid
685 1036 821 1083 exilii
852 1036 932 1083 vel
963 1037 1333 1100 deportationis
1366 1044 1456 1084 aut
1485 1037 1813 1102 relegationis

300 1129 504 1173 nomine
552 1129 799 1189 promissa
841 1126 926 1172 illa
972 1131 1266 1189 praesentia
1301 1135 1689 1190 praegravatur,
1727 1127 1814 1174 ob-

300 1233 440 1262 secro
467 1223 521 1262 te
543 1216 560 1262 ?
630 1215 762 1262 Puto
790 1216 927 1279 quod
952 1216 1331 1279 presbyterium
1352 1233 1453 1262 non
1481 1223 1559 1263 est
1587 1215 1810 1263 exilium.

301 1305 411 1351 Hoc
436 1322 557 1369 ergo
581 1312 755 1351 noster
780 1305 994 1368 eligeret
1018 1322 1172 1368 quam
1195 1305 1319 1352 illud
1344 1305 1552 1353 exilium
1575 1305 1593 1352 ?
1662 1306 1815 1352 Absit

302 1412 329 1440 a
367 1396 511 1442 nobis
549 1402 608 1442 ut
656 1397 725 1440 sic
763 1402 968 1441 sanctus
1007 1394 1090 1441 dei
1128 1402 1181 1441 et
1223 1395 1368 1442 nobis
1405 1398 1689 1442 carissimus
1727 1395 1815 1442 de-

300 1483 573 1539 fendatur;
611 1484 761 1540 absit,
787 1487 1014 1547 inquam,
1034 1491 1093 1530 ut
1119 1484 1318 1531 dicatur
1342 1484 1579 1531 maluisse
1607 1484 1815 1531 exilium

301 1591 455 1636 quam
498 1574 878 1637 presbyterium
923 1580 1012 1620 aut
1055 1573 1293 1620 maluisse
1337 1577 1615 1636 periurium
1661 1590 1815 1637 quam

302 1662 525 1709 exilium.
596 1662 740 1709 Haec
765 1662 1005 1718 dicerem,
1030 1665 1070 1708 si
1095 1679 1213 1708 vere
1239 1679 1268 1708 a
1291 1654 1435 1710 nobis
1461 1670 1551 1710 aut
1575 1680 1604 1709 a
1626 1662 1816 1726 populo

302 1756 486 1798 iuratio
519 1755 564 1798 ei
596 1750 776 1798 fuisset
809 1758 1013 1798 extorta
1043 1752 1425 1814 promittendae
1455 1756 1779 1814 praesentiae
1806 1767 1818 1807 3

302 1858 435 1887 nunc
462 1857 580 1887 vero
611 1858 712 1887 non
741 1848 946 1887 extorta
974 1848 1051 1887 est
1085 1841 1208 1888 dum
1235 1849 1530 1904 negaretur,
1557 1842 1665 1898 scd,
1693 1842 1816 1889 dum

302 1929 568 1978 offerretur
591 1937 820 1993 accepta,
845 1937 898 1976 et
920 1929 1014 1976 hoc
1039 1947 1099 1976 ea
1122 1947 1229 1992 spe,
1252 1933 1382 1978 sicut
1405 1947 1557 1993 supra
1578 1931 1816 1987 diximus,

303 2025 421 2083 quia
451 2036 544 2082 per
572 2019 709 2066 illam
740 2023 1086 2082 praesentiam
1117 2020 1368 2067 creditum
1400 2027 1479 2067 est
1509 2036 1627 2067 eum
1658 2024 1816 2068 etiam

304 2109 368 2156 ad
423 2109 717 2156 clericatum
772 2108 1149 2171 suscipiendum
1203 2125 1351 2171 posse
1406 2109 1815 2157 desiderantibus

303 2201 606 2245 consentire.
678 2197 961 2254 Postremo,
1009 2197 1275 2261 quodlibet
1322 2198 1386 2245 de
1433 2198 1577 2245 nobis
1624 2197 1704 2245 vel
1751 2198 1816 2246 de

305 2287 738 2349 Hipponiensibus
762 2290 1031 2343 sentiatur,
1053 2286 1204 2350 longe
1236 2286 1333 2333 alia
1356 2294 1435 2334 est
1468 2304 1643 2334 eorum
1665 2304 1817 2334 causa

305 2379 390 2439 qui
431 2379 693 2439 coegerint
741 2380 924 2432 iurare,
966 2393 1118 2439 quam
1161 2393 1335 2422 eorum
1376 2380 1462 2439 qui
1510 2393 1610 2422 non
1650 2377 1815 2424 dicam

305 2469 585 2528 coegerint,
629 2465 720 2512 sed
762 2468 1031 2520 suaserint,
1074 2469 1319 2527 peierare.
1391 2465 1507 2528 Ipse
1552 2468 1708 2512 etiam
1751 2464 1816 2512 de

306 2571 406 2617 quo
439 2557 625 2618 agitur,
656 2554 975 2601 considerare
1014 2571 1115 2600 non
1151 2561 1335 2601 renuat
1369 2561 1541 2601 utrum
1572 2557 1638 2602 sit
1671 2556 1816 2617 peius

311 2640 409 2688 246
