1866 2964
796 201 886 249 ST.
925 200 1333 248 AUGLTSTINE

307 335 536 383 cavenda
563 341 642 381 est
667 337 741 380 ira
767 334 851 381 dei
879 341 932 380 et
957 332 1039 380 hic
1067 340 1120 380 et
1145 337 1198 380 in
1223 332 1398 380 futuro
1423 332 1642 381 saeculo.
1711 333 1817 382 Ad-

307 408 415 451 iuro
439 411 493 450 te
517 420 609 466 per
633 402 910 459 Christum,
935 409 993 449 ut
1018 403 1083 449 ad
1104 405 1205 448 ista
1226 403 1554 466 respondeas.

782 554 875 601 No.
903 561 964 601 20
988 554 1103 618 (Ep.
1132 553 1349 618 LXVII)

320 643 580 686 DOMINO
640 642 986 684 CARISSIMO
1049 642 1126 683 ET
1188 641 1815 684 DESIDERANTISSIMO

440 710 517 750 ET
565 707 974 750 HONORANDO
1025 707 1092 748 IN
1143 707 1413 749 CHRISTO
1462 707 1692 748 FRATRI
1741 708 1819 749 ET

442 771 984 816 CONPRESBYTERO
1052 772 1448 814 HIERONYMO
1514 772 1818 814 AUGUSTI—

437 839 563 881 NUS
597 839 664 880 IN
695 837 956 880 DOMINO
988 837 1288 879 SALUTEM

263 927 282 965 1
373 918 562 964 Audivi
602 918 895 979 pervenisse
936 918 988 960 in
1023 931 1204 961 manus
1252 921 1367 961 tuas
1408 913 1612 962 litteras
1647 931 1820 971 meas;

308 987 400 1033 sed
432 986 570 1049 quod
595 983 759 1031 adhuc
784 987 1031 1045 rescripta
1054 1000 1157 1029 non
1179 986 1361 1039 merui,
1386 999 1712 1047 nequaquam
1743 987 1818 1029 in-

308 1057 598 1118 putaverim
626 1051 886 1099 dilectioni
915 1059 1038 1098 tuae
1062 1066 1073 1107 3
1122 1050 1314 1114 aliquid
1340 1051 1516 1114 procul
1544 1052 1699 1099 dubio
1726 1055 1819 1098 im-

308 1123 594 1187 pedimenti
614 1119 728 1167 fuit.
792 1120 944 1166 Unde
967 1136 1185 1183 agnosco
1208 1136 1236 1165 a
1256 1135 1339 1165 me
1361 1120 1623 1166 dominum
1647 1123 1818 1183 potius

308 1190 708 1254 deprecandum,
737 1195 795 1235 ut
822 1195 945 1234 tuae
973 1187 1226 1234 voluntati
1254 1188 1345 1234 det
1371 1186 1674 1235 facultatem
1701 1191 1819 1235 mit-

309 1260 455 1306 tendi
487 1258 625 1321 quod
656 1259 989 1319 rescripseris,
1022 1273 1142 1301 nam
1174 1256 1486 1303 rescribendi
1519 1259 1622 1302 iam
1655 1257 1818 1312 dedit,

310 1331 447 1392 quia,
470 1343 586 1372 cum
609 1324 844 1380 volueris,
866 1323 1104 1370 facillime
1128 1326 1336 1386 poteris.

259 1404 283 1442 2
407 1396 580 1441 Etiam
612 1393 708 1440 hoc
742 1393 807 1439 ad
841 1409 924 1439 me
958 1408 1080 1438 sane
1116 1391 1373 1454 perlatum
1403 1399 1575 1438 utrum
1609 1392 1817 1456 quidem

309 1464 591 1518 crederem,
638 1462 886 1515 dubitavi,
933 1461 1025 1507 sed
1070 1459 1186 1506 hinc
1234 1476 1438 1523 quoque
1485 1461 1579 1507 tibi
1627 1459 1819 1523 aliquid

309 1540 483 1579 utrum
517 1531 810 1585 scriberem,
846 1529 1082 1575 dubitare
1118 1545 1221 1574 non
1255 1528 1426 1575 debui.
1495 1528 1606 1574 Hoc
1642 1536 1818 1575 autem

308 1602 463 1647 breve
499 1606 577 1645 est
601 1614 611 1644 ε
659 1604 961 1661 suggestum
991 1599 1193 1642 caritati
1222 1602 1344 1642 tuae
1376 1613 1405 1642 a
1434 1600 1604 1643 nescio
1634 1597 1818 1660 quibus

307 1668 549 1714 fratribus
582 1665 706 1711 mihi
739 1666 934 1712 dictum
968 1671 1065 1720 est,
1099 1664 1236 1727 quod
1267 1663 1452 1710 librum
1486 1665 1726 1712 adversus
1762 1672 1817 1712 te

307 1738 592 1799 scripserim
610 1734 928 1796 Romamque
939 1735 1179 1778 miserim.
1219 1731 1329 1778 Hoc
1341 1730 1524 1778 falsum
1538 1749 1648 1779 esse
1665 1749 1817 1780 nove-

307 1808 373 1850 ris
398 1820 408 1858 3
445 1804 600 1850 deum
625 1809 855 1847 nostrum
885 1807 1057 1847 testor*
1077 1798 1172 1846 hoc
1197 1816 1279 1846 me
1313 1817 1415 1846 non
1446 1799 1643 1847 fecisse.
1715 1800 1818 1848 Sed

308 1875 347 1918 si
372 1871 505 1918 forte
532 1870 701 1933 aliqua
725 1873 777 1915 in
803 1868 1054 1932 aliquibus
1085 1871 1284 1931 scriptis
1315 1871 1442 1914 meis
1473 1871 1818 1931 reperiuntur,

305 1944 357 1986 in
382 1940 565 2003 quibus
587 1938 735 1984 aliter
753 1936 944 2000 aliquid
968 1953 1122 1999 quam
1147 1943 1204 1982 tu
1223 1939 1438 1982 sensisse
1456 1940 1699 1999 reperiar,
1717 1954 1820 1984 non

306 2015 482 2055 contra
501 2014 554 2053 te
573 2007 786 2061 dictum,
803 2005 893 2051 sed
914 2005 1051 2067 quod
1068 2003 1191 2049 mihi
1210 2004 1499 2061 videbatur,
1518 2021 1547 2050 a
1563 2021 1647 2051 me
1665 2008 1818 2068 scrip-

307 2084 418 2123 turn
446 2091 555 2121 esse
588 2081 715 2137 puto
747 2080 801 2119 te
832 2073 1022 2119 debere
1052 2088 1358 2135 cognoscere
1387 2079 1495 2129 aut,
1519 2076 1559 2119 si
1584 2076 1819 2137 cognosci

305 2162 407 2190 non
422 2149 614 2206 potest,
629 2141 854 2188 credere.
925 2140 1007 2187 Ita
1023 2156 1144 2186 sane
1161 2139 1255 2186 hoc
1271 2141 1505 2196 dixerim,
1524 2147 1582 2187 ut
1602 2157 1698 2205 ego
1714 2158 1816 2188 non

369 2235 386 2252 ⁰
422 2228 604 2268 Neither
650 2227 701 2266 of
744 2224 1033 2277 Augustine's
1080 2226 1285 2276 previous
1331 2224 1479 2265 letters
1525 2229 1571 2265 to
1617 2226 1812 2273 Jerome,

311 2285 483 2323 written
506 2285 549 2322 111
571 2284 654 2322 394
675 2280 764 2320 and
785 2283 866 2320 397
890 2279 993 2331 (Ep.
1016 2280 1163 2319 xxviii.
1187 2278 1275 2318 and
1297 2278 1390 2331 XL),
1412 2279 1501 2319 had
1527 2279 1593 2320 till
1618 2279 1813 2332 recently

310 2338 421 2378 been
441 2335 676 2382 delivered,
698 2335 779 2375 but
804 2334 887 2386 Ep.
910 2334 984 2380 xl„
1006 2335 1050 2373 in
1069 2333 1212 2373 which
1231 2333 1305 2373 the
1323 2335 1468 2374 writer
1488 2333 1577 2374 had
1605 2334 1813 2387 repeated

310 2392 377 2432 his
400 2392 644 2443 objections
666 2394 711 2430 to
734 2389 761 2430 J
766 2388 951 2429 erome's
974 2392 1164 2428 account
1186 2389 1237 2427 of
1254 2388 1329 2428 the
1350 2387 1526 2440 quarrel
1549 2393 1595 2429 at
1617 2389 1811 2429 Antioch

309 2448 400 2498 (see
428 2447 512 2487 No.
539 2449 564 2485 9
591 2445 766 2494 above),
793 2442 881 2483 had
907 2443 1019 2483 been
1044 2441 1284 2482 circulated
1310 2443 1496 2483 without
1520 2443 1811 2496 Augustine's

310 2500 575 2552 knowledge
598 2498 686 2539 and
712 2497 800 2538 had
824 2496 1077 2548 eventually
1100 2496 1288 2537 reached
1314 2496 1588 2546 Bethlehem,
1611 2497 1756 2538 where
1779 2499 1812 2538 it

310 2556 397 2596 had
416 2553 604 2595 aroused
624 2553 757 2594 much
776 2551 1073 2604 indignation‚
1092 2551 1235 2591 which
1253 2551 1327 2592 the
1346 2556 1522 2604 present
1539 2551 1666 2593 letter
1682 2551 1810 2593 seeks

310 2616 355 2651 to
377 2609 532 2663 dispel.

317 2675 410 2716 132
