1850 2964
787 193 877 241 ST.
916 194 1324 242 AUGUSTINE

300 328 482 375 redeat
512 328 577 375 ad
606 344 659 375 se
688 330 874 391 ipsum,
904 334 1074 374 servet
1102 326 1197 375 hoc
1226 331 1278 374 in
1307 332 1426 385 suis,
1455 346 1558 377 non
1586 332 1809 394 castiget

302 437 504 468 servum
524 420 708 477 furem,
730 426 832 468 non
853 421 917 468 de
940 421 1306 468 contumelioso
1328 421 1429 469 filio
1451 429 1810 487 conqueratur,

303 517 465 561 vicino
518 515 731 577 inprobo
785 531 888 561 non
940 517 1179 561 minetur.
1250 514 1388 573 Quid
1441 519 1577 562 enim
1628 514 1811 563 horum

302 605 493 654 faciens
518 610 651 654 iuste
677 605 818 663 facit,
842 610 881 654 si
904 624 1080 654 omnes
1107 624 1136 653 a
1162 609 1343 671 quibus
1368 611 1574 655 iniurias
1598 612 1812 672 patitur,

303 717 406 747 non
437 699 585 763 culpa
618 717 707 746 sua
745 700 836 747 sed
871 699 979 747 fato
1015 700 1329 763 inpelluntur
1365 708 1423 748 ut
1458 700 1692 748 faciant?
1760 699 1813 747 Si

305 800 481 840 autem
503 797 612 840 iure
634 796 837 856 proprio
862 800 915 840 et
936 796 1095 856 patris
1118 791 1334 841 familias
1358 793 1641 859 diligentia,
1664 811 1817 858 quos—

306 903 525 950 cumque
564 885 795 933 homines
835 903 927 949 pro
967 892 1201 949 tempore
1241 889 1294 932 in
1333 893 1595 950 potestate
1634 885 1813 943 habet,

307 978 542 1027 hortatur
579 980 644 1027 ad
677 980 887 1035 bonum,
920 979 1151 1026 deterret
1188 996 1217 1026 a
1251 979 1403 1036 malo,
1434 983 1656 1044 imperat
1691 997 1813 1027 suae

309 1071 560 1120 voluntati
598 1079 657 1120 ut
699 1073 1078 1136 obtemperent,
1113 1071 1331 1119 honorat
1372 1089 1458 1121 eos
1497 1076 1584 1137 qui
1619 1074 1714 1120 sibi
1749 1073 1815 1120 ad

308 1172 492 1212 nutum
514 1166 812 1221 oboediunt,
833 1165 1057 1212 vindicat
1077 1168 1130 1211 in
1156 1182 1241 1212 eos
1267 1169 1354 1229 qui
1379 1182 1433 1213 se
1458 1173 1814 1222 contemnunt,

308 1259 548 1322 rependit
576 1262 797 1323 gratiam
826 1258 1085 1315 beneficis,
1117 1259 1226 1306 odit
1255 1262 1501 1323 ingratos,
1533 1275 1697 1324 egone
1728 1275 1815 1306 ex-

309 1353 529 1414 pectabo
563 1359 622 1399 ut
663 1358 841 1399 contra
881 1350 1048 1398 fatum
1082 1352 1331 1415 disputet,
1364 1369 1480 1399 cum
1513 1359 1663 1400 tanta
1697 1368 1815 1399 eum

309 1462 411 1492 non
447 1446 611 1493 verbis
648 1445 739 1492 sed
773 1443 921 1492 factis
955 1443 1123 1508 eloqui
1149 1444 1548 1508 deprehendam,
1573 1452 1633 1494 ut
1655 1462 1815 1510 prope

309 1539 543 1586 manibus
578 1541 679 1585 suis
713 1554 888 1585 omnes
922 1537 1402 1585 mathematicorum
1435 1537 1630 1602 lapillos
1663 1555 1818 1602 supra

311 1634 481 1695 capita
509 1648 683 1678 eorum
709 1630 947 1696 frangere
973 1631 1208 1678 videatur
1231 1632 1249 1678 ?
1319 1631 1412 1678 His
1438 1634 1615 1696 itaque
1640 1634 1815 1695 paucis

312 1727 353 1771 si
387 1725 601 1772 aviditas
635 1731 728 1771 tua
760 1731 1005 1771 contenta
1038 1741 1140 1771 non
1175 1730 1254 1771 est
1289 1730 1343 1771 et
1374 1723 1559 1771 librum
1594 1724 1817 1789 aliquem

313 1817 377 1865 de
410 1816 505 1864 hac
538 1834 611 1874 re,
645 1833 799 1881 quem
833 1817 1023 1865 diutius
1055 1816 1215 1881 legas,
1249 1817 1525 1873 desideras,
1557 1820 1818 1881 patienter

312 1911 407 1957 tibi
430 1917 548 1957 sunt
572 1910 924 1973 expectandae
947 1913 1237 1956 vacationes
1259 1917 1464 1957 nostrae
1488 1917 1542 1957 et
1563 1911 1818 1975 rogandus

314 2004 457 2060 deus,
486 2006 571 2067 qui
602 2010 655 2050 et
683 2006 844 2050 otium
875 2010 928 2049 et
956 2001 1257 2049 facultatem
1286 2003 1519 2051 satiando
1548 2003 1613 2050 de
1639 2002 1735 2051 hac
1762 2020 1818 2052 re

315 2099 483 2144 animo
520 2103 611 2143 tuo
648 2097 875 2143 tribuere
914 2096 1169 2160 dignetur.
1238 2095 1339 2142 Ero
1377 2102 1554 2143 tamen
1593 2095 1818 2152 alacrior,

314 2192 354 2236 si
406 2196 460 2236 et
508 2204 662 2252 saepe
712 2204 1110 2235 commemorare
1158 2205 1242 2235 me
1290 2187 1475 2235 litteris
1523 2195 1668 2236 tuam
1716 2207 1818 2237 non

313 2285 538 2346 piguerit
569 2285 856 2337 caritatem,
891 2288 944 2328 et
977 2281 1100 2344 quid
1133 2281 1197 2328 de
1229 2279 1324 2327 hac
1359 2280 1578 2345 epistula
1609 2285 1818 2339 sentias,

311 2375 636 2422 rescribendo
661 2374 937 2421 edocueris.

323 2651 419 2699 486
