1866 2964
240 511 265 549 2

244 1896 268 1935 3

773 163 863 211 ST.
902 163 1309 211 ACGUSTINE

287 314 555 346 commune
595 313 784 344 nomen
824 303 918 343 est.
988 296 1070 342 Ita
1110 296 1186 351 fit,
1225 303 1301 352 ut,
1341 296 1462 343 dum
1504 299 1610 342 eius
1651 298 1795 359 quasi

288 367 543 430 quaedam
593 366 825 411 membra
876 368 1092 427 carptim
1144 368 1292 410 variis
1343 364 1795 427 supplicationibus

287 438 659 498 prosequimur,
681 440 849 479 totum
875 431 1040 478 colere
1063 431 1295 494 profecto
1318 433 1596 479 videamur.

354 502 456 549 Sed
482 504 825 564 inpatientem
854 517 937 546 me
969 517 1078 546 esse
1108 504 1242 546 tanti
1272 504 1451 547 erroris
1480 498 1796 547 dissimulare

290 588 392 617 non
420 587 641 632 possum.
712 568 837 627 Quis
868 571 1004 614 enim
1033 567 1167 614 ferat
1199 568 1305 614 Iovi
1333 567 1546 614 fulmina
1576 569 1796 614 vibranti

290 637 536 701 praeferri
569 637 876 700 R'Iigginem,
907 636 1108 691 Iunoni,
1141 636 1426 692 Minervae,
1455 636 1643 682 Veneri
1672 635 1796 681 Ves-

289 714 481 769 taeque
528 704 801 751 Sanamem
851 711 905 750 et
952 707 1166 760 cunctiS,
1211 721 1302 766 pro
1349 703 1527 751 nefas!
1582 703 1677 750 diis
1723 706 1798 748 in-

289 773 589 820 mortalibus
635 771 1055 835 archimartyrem
1101 771 1586 835 Namphamonem?
1655 771 1799 818 Inter

291 860 417 906 quos
465 842 671 888 Lucitas
718 844 875 886 etiam
921 839 1059 887 haud
1102 844 1297 886 minore
1343 840 1484 887 cultu
1528 842 1800 902 suspicitur

292 918 449 973 atque
494 909 577 956 alii
618 912 951 955 interminato
994 924 1226 964 numero,
1269 908 1362 955 diis
1405 907 1798 970 hominibusque

292 979 465 1025 odiosa
503 981 727 1032 nomina,
765 979 852 1039 qui
888 979 1198 1022 conscientia
1236 975 1573 1023 nefandorum
1610 974 1800 1022 facino-

291 1064 404 1093 rum
445 1049 614 1108 specie
654 1044 903 1108 gloriosae
943 1047 1121 1091 mortis
1161 1043 1353 1090 scelera
1394 1061 1485 1091 sua
1524 1043 1799 1091 sceleribus

292 1113 612 1161 cumulantes
652 1114 865 1176 dignum
903 1113 1128 1159 moribus
1166 1111 1419 1175 factisque
1459 1115 1560 1159 suis
1601 1114 1799 1159 exitum

291 1181 534 1229 maculati
568 1188 924 1244 reppererunt.
993 1180 1189 1226 Horum
1226 1181 1397 1237 busta,
1433 1183 1474 1226 si
1509 1186 1800 1226 memoratu

292 1252 503 1314 dignum
564 1256 660 1304 est,
716 1248 905 1295 relictis
961 1248 1186 1310 templis,
1243 1248 1492 1311 neglectis
1549 1251 1799 1294 maiorum

291 1335 496 1365 suorum
515 1318 750 1363 manibus
769 1316 915 1363 stulti
932 1315 1287 1379 frequentant,
1304 1320 1378 1363 ita
1398 1323 1457 1363 ut
1474 1319 1799 1380 praesagium

293 1390 421 1434 vatis
442 1385 572 1432 illius
594 1385 804 1449 indigne
827 1383 1040 1431 ferentis
1064 1388 1290 1431 emineat
1313 1401 1323 1430 ε

469 1506 606 1558 inque
625 1504 760 1546 deum
779 1503 957 1556 templis
977 1504 1141 1544 iurabit
1162 1504 1307 1544 Roma
1328 1517 1406 1556 per
1424 1503 1621 1544 umbras.

293 1613 394 1660 Sed
412 1612 535 1659 mihi
553 1612 648 1659 hac
666 1619 982 1675 tempestate
1001 1612 1371 1674 propemodum
1390 1612 1592 1658 videtur
1609 1610 1800 1658 bellum

293 1684 562 1728 Actiacum
590 1699 760 1727 rursus
791 1688 1045 1736 exortum,
1074 1697 1174 1743 quo
1203 1681 1467 1744 Aegyptia
1493 1686 1722 1726 monstra
1749 1682 1801 1724 in

295 1750 639 1796 Romanorum
663 1750 784 1796 deos
811 1749 1035 1795 audeant
1060 1748 1165 1794 tela
1189 1748 1386 1795 vibrare
1418 1751 1627 1794 minime
1653 1748 1802 1794 dura-

299 1825 431 1865 tura.

357 1885 458 1933 Sed
502 1884 626 1931 illud
672 1901 880 1948 quaeso,
926 1887 1000 1930 vir
1044 1887 1437 1946 sapientissime,
1482 1887 1558 1929 uti
1603 1889 1801 1929 remoto

296 1953 565 2000 facundiae
602 1954 782 1999 robore
820 1960 976 2015 atque
1014 1952 1241 2014 exploso,
1276 1969 1376 2015 qua
1412 1954 1606 1998 cunctis
1641 1949 1804 1997 clarus

298 2039 369 2077 es,
402 2024 596 2068 omissis
630 2025 806 2075 etiam,
839 2021 1021 2083 quibus
1054 2036 1284 2083 pugnare
1318 2018 1535 2075 solebas,
1567 2017 1805 2082 Chrysip-

298 2093 405 2152 peis
430 2092 745 2153 argumentis
768 2092 1053 2151 postposita
1076 2087 1339 2151 paululum
1362 2087 1647 2143 dialectica,
1671 2102 1803 2150 quae

362 2278 380 2296 ‘²
412 2272 702 2324 Namphamo
724 2273 757 2311 is
778 2270 1035 2322 commonly
1055 2270 1285 2311 described
1308 2269 1369 2322 by
1385 2270 1458 2310 the
1479 2267 1736 2309 text-books
1757 2268 1809 2308 of

309 2327 487 2368 Church
518 2327 685 2378 history
715 2339 762 2366 as
793 2340 875 2366 one
902 2327 952 2365 of
977 2326 1050 2365 the
1080 2325 1255 2366 earliest
1284 2325 1506 2365 Christian
1537 2327 1728 2375 martyrs
1759 2325 1803 2362 in

309 2382 477 2428 Africa,
495 2381 583 2421 and
602 2381 668 2421 his
685 2380 787 2420 date
806 2383 839 2421 is
855 2382 987 2430 given
1004 2393 1051 2420 as
1068 2381 1181 2419 eirca
1200 2393 1294 2420 Aa).
1317 2382 1409 2419 180.
1464 2378 1482 2418 Ι
1506 2378 1617 2418 have
1633 2377 1802 2423 shown,

311 2438 353 2476 in
393 2436 467 2476 the
506 2436 697 2475 Journal
739 2435 791 2486 of
826 2435 1095 2486 Timologyical
1137 2434 1330 2480 Stadios,
1365 2432 1451 2474 vol.
1486 2435 1601 2473 xxvi.
1638 2432 1802 2483 (1924),

308 2503 382 2542 pp.
401 2493 547 2537 91-37,
570 2490 667 2530 that
688 2490 773 2530 this
790 2491 899 2529 view
922 2491 955 2529 is
977 2488 1231 2536 untenable‚
1253 2488 1350 2528 that
1371 2487 1437 2527 his
1457 2490 1625 2527 correct
1645 2486 1747 2526 date
1770 2487 1804 2526 is

309 2544 529 2596 probably
551 2544 690 2584 about
718 2544 792 2584 the
814 2543 979 2584 middle
1005 2544 1055 2584 of
1079 2543 1153 2583 the
1182 2542 1333 2583 fourth
1362 2546 1565 2594 century,
1587 2540 1677 2582 and
1706 2540 1805 2580 that

313 2617 371 2658 18
