1866 2964
779 222 870 270 ST.
909 223 1316 271 AUGUSTINE

294 355 523 419 apostolo
559 355 713 403 Petro
756 356 942 403 dixisse
992 357 1257 403 videatur:
1307 355 1493 420 Rogavi
1520 372 1610 420 pro
1653 361 1711 412 te,
1746 371 1803 402 ne

291 434 478 498 deficiat
490 433 623 498 fides
649 441 745 490 tua,
769 438 808 481 si
833 433 928 481 hoc
964 442 1134 481 totum
1170 437 1223 480 in
1259 435 1403 481 nobis
1440 434 1577 481 nulio
1615 433 1802 481 auxilio

292 513 374 561 dei
400 513 492 560 sed
514 520 777 576 potestate
802 512 1078 560 voluntatis
1104 512 1346 576 impletur
1370 513 1388 559 ?
1720 523 1723 525 ’

241 599 268 637 4
358 592 450 638 His
478 595 656 655 itaque
685 592 1117 654 disputationibus
1146 594 1395 654 perversis
1425 598 1478 638 et
1506 594 1672 654 impiis
1701 607 1802 637 non

292 669 454 717 solum
503 670 868 717 contradicitur
921 671 1234 717 orationibus
1285 674 1487 726 nostris,
1539 670 1722 733 quibus
1775 685 1804 715 a

291 749 495 795 domino
525 752 749 811 petimus
778 749 1019 812 quicquid
1052 756 1253 795 sanctos
1283 752 1475 811 petisse
1504 736 1722 812 legimus
1750 754 1805 794 et

290 835 545 883 tenemus,
589 843 767 873 verum
812 831 969 874 etiam
1012 827 1455 873 benedictionibus
1499 829 1683 873 nostris
1726 841 1805 872 re-

289 909 502 961 sistitur,
532 906 737 969 quando
766 922 918 968 super
945 905 1190 968 populum
1220 906 1432 952 dicimus
1462 912 1703 968 optantes
1734 907 1805 950 eis

292 992 344 1031 et
385 991 655 1047 poscentes
699 1001 727 1030 a
768 984 990 1040 domino,
1033 991 1091 1030 ut
1140 1001 1224 1030 eos
1273 983 1511 1030 abundare
1545 982 1711 1049 faeiat
1756 981 1805 1029 in

291 1062 485 1110 caritate
508 1061 701 1109 invicem
730 1069 772 1109 et
799 1062 846 1109 in
876 1079 1031 1109 omnes
1058 1069 1112 1108 et
1136 1061 1211 1109 det
1239 1066 1309 1109 eis
1339 1061 1587 1109 seeundum
1615 1060 1805 1108 divitias

286 1140 469 1205 gloriae
515 1157 628 1188 suae
674 1141 838 1187 virtute
883 1140 1173 1188 corroborari
1213 1158 1301 1205 per
1346 1140 1559 1205 spiritum
1605 1139 1705 1187 eius
1752 1147 1806 1186 et

290 1219 481 1284 impleat
507 1236 591 1266 eos
618 1219 741 1266 omni
755 1219 933 1283 gaudio
952 1226 994 1265 et
1005 1236 1125 1284 pace
1143 1219 1190 1266 in
1209 1219 1433 1266 eredendo
1461 1226 1513 1266 et
1539 1219 1806 1266 abundent

290 1298 339 1345 in
383 1314 463 1362 spe
505 1305 548 1344 et
585 1297 792 1362 potentia
836 1297 1029 1362 spiritus
1071 1297 1235 1344 saneti.
1308 1298 1382 1345 Ut
1425 1298 1549 1361 quid
1592 1301 1663 1344 eis
1705 1300 1805 1344 ista

290 1380 532 1439 petimus,
571 1393 703 1440 quae
741 1376 939 1440 populis
979 1394 1007 1422 a
1045 1377 1250 1423 domino
1287 1379 1478 1439 petisse
1517 1374 1805 1439 apostolum

291 1459 539 1511 novimus,
585 1459 625 1501 si
669 1458 772 1501 iam
817 1462 1001 1502 natura
1046 1462 1221 1502 nostra
1265 1462 1439 1501 creata
1484 1472 1600 1502 cum
1643 1454 1803 1501 libero

292 1534 500 1580 arbitrio
535 1537 704 1580 omnia
738 1533 865 1580 haec
899 1534 993 1580 sibi
1026 1540 1201 1596 potest
1235 1550 1324 1580 sua
1359 1533 1625 1580 voluntate
1658 1549 1804 1596 prae-

291 1613 470 1659 stare?
542 1612 616 1659 Ut
656 1613 779 1676 quid
819 1615 977 1659 etiam
1016 1612 1139 1658 dicit
1177 1612 1315 1659 idem
1354 1615 1463 1674 ipse
1512 1611 1801 1675 apostolus:

292 1690 527 1755 Quotquot
559 1690 679 1737 enim
713 1690 878 1754 spiritu
912 1689 986 1736 dei
1020 1697 1239 1754 aguntur,
1277 1690 1325 1736 hi
1344 1690 1449 1753 filii
1491 1696 1598 1737 sunt
1638 1689 1729 1746 dei,
1762 1693 1803 1736 si

290 1772 471 1832 spiritu
492 1777 707 1816 naturae
730 1776 935 1815 nostrae
959 1772 1173 1832 agimur,
1195 1776 1253 1815 ut
1275 1769 1549 1815 efficiamur
1570 1768 1657 1814 filii
1678 1768 1761 1815 dei
1785 1769 1803 1814 ?

294 1847 367 1894 Ut
397 1848 520 1910 quid
549 1848 672 1894 dicit
709 1847 976 1894 similiter:
1023 1847 1226 1912 Spiritus
1263 1847 1456 1895 adiuvat
1490 1847 1804 1912 infirmitatem

293 1932 517 1982 nostram,
555 1930 595 1972 si
632 1933 816 1972 natura
854 1933 1028 1973 nostra
1072 1929 1141 1973 sic
1183 1934 1356 1973 creata
1395 1934 1490 1982 est,
1528 1934 1586 1974 ut
1622 1930 1803 1990 spiritu

295 2005 360 2051 ad
393 2021 547 2067 opera
578 2008 805 2051 iustitiae
837 2022 938 2051 non
975 2005 1207 2068 indigeat
1238 2005 1463 2052 adiuvari
1488 2006 1506 2051 ?
1576 2005 1651 2052 Ut
1681 2005 1803 2069 quid

291 2086 536 2145 scriptum
564 2090 640 2129 est
668 2100 676 2129 :
717 2082 896 2130 Fidelis
922 2090 1071 2130 autem
1098 2082 1228 2139 deus,
1254 2083 1335 2147 qui
1358 2100 1449 2130 non
1468 2083 1700 2148 permittet
1724 2099 1805 2131 vos

291 2160 504 2225 temptari
535 2178 673 2225 super
703 2160 753 2207 id
789 2160 913 2225 quod
936 2161 1149 2225 potestis,
1181 2160 1262 2208 sed
1279 2160 1438 2227 faciet
1473 2179 1575 2208 eum
1612 2168 1803 2226 tempta-

290 2239 410 2286 tione
429 2238 567 2286 etiam
587 2239 775 2295 exitum,
796 2247 844 2286 ut
859 2238 1053 2303 possitis
1074 2238 1315 2296 sustinere,
1337 2243 1377 2286 si
1396 2243 1499 2286 iam
1518 2243 1592 2287 ita
1612 2241 1803 2288 conditi

290 2334 481 2373 sumuS,
525 2325 582 2364 ut
624 2318 810 2364 viribus
853 2317 998 2364 liberi
1042 2318 1233 2364 arbitrii
1278 2321 1536 2365 universas
1578 2325 1802 2381 tempta-

291 2399 456 2442 tiones
482 2395 780 2442 sustinendo
806 2412 1046 2458 superare
1071 2398 1319 2457 possimus
1344 2396 1362 2442 ?

474 2500 492 2517 ‘¹
526 2493 655 2534 Luke
676 2495 777 2534 xxii.
801 2497 870 2534 32.
1204 2493 1219 2517 ⁶
1257 2499 1273 2534 1
1300 2494 1450 2535 Thess.
1475 2496 1534 2535 iii.
1563 2497 1627 2536 12.

357 2554 371 2573 ⁶
404 2548 520 2601 Eph.
546 2551 604 2589 iii.
633 2551 697 2589 16.
845 2549 863 2573 ‘¹
898 2549 1028 2591 Rom.
1051 2563 1120 2590 xv.
1150 2551 1213 2589 13.
1357 2554 1372 2572 ⁶
1407 2549 1536 2590 Rom.
1559 2551 1648 2590 viii.
1677 2554 1741 2594 14.
1802 2597 1806 2601 ,

472 2603 489 2631 s
522 2603 652 2644 Rom.
675 2605 764 2644 viii.
787 2605 857 2645 26.
1271 2608 1288 2631 ⁰
1325 2606 1343 2646 1
1369 2602 1469 2645 Cor.
1491 2618 1533 2646 x.
1561 2607 1625 2646 13.

299 2675 397 2716 310
