1866 2964
736 188 826 237 ST.
866 187 1274 236 AUGUSTINE

251 324 532 372 castellum.
603 324 776 369 Antea
808 323 878 368 ibi
910 337 1191 384 numquam
1225 323 1490 382 episcopus
1522 316 1639 374 fuit,
1671 317 1763 365 sed

253 392 401 439 simul
459 409 573 438 cum
631 394 873 454 contigua
931 390 1025 435 sibi
1081 392 1291 452 regione
1351 388 1416 434 ad
1470 385 1763 450 parochiam

254 461 615 523 Hipponiensis
652 458 894 505 ecclesiae
927 457 1239 520 pertinebat.
1310 455 1502 502 Paucos
1536 454 1765 501 habebat

252 529 337 575 illa
372 536 510 575 terra
546 526 855 581 catholicos;
909 532 1107 572 ceteras
1142 524 1319 587 plebes
1354 523 1455 570 illic
1488 526 1542 569 in
1575 538 1765 586 magna

253 596 583 643 multitudine
605 594 868 641 hominum
889 596 1193 639 constitutas
1216 591 1607 638 Donatistarum
1628 606 1766 636 error

255 663 613 710 miserabiliter
661 662 949 716 obtinebat,
997 664 1070 706 ita
1119 667 1178 706 ut
1224 663 1277 706 in
1326 659 1508 706 eodem
1556 656 1765 705 castello

255 732 420 778 nullus
462 738 598 778 esset
637 734 841 777 omnino
881 728 1174 775 catholicus.
1244 728 1435 774 Actum
1475 733 1554 773 est
1591 729 1644 772 in
1682 725 1767 772 dei

255 800 617 854 misericordia,
662 806 721 844 ut
767 800 936 844 omnia
981 800 1090 859 ipsa
1134 796 1244 842 loca
1289 798 1477 842 unitati
1523 794 1766 841 ecclesiae

257 868 592 915 cohaererent
615 882 626 922 3
667 883 760 928 per
784 872 1002 928 quantos
1026 864 1225 910 labores
1251 870 1306 910 et
1327 862 1553 926 pericula
1576 869 1768 917 nostra,

257 937 467 999 longum
505 942 581 981 est
619 934 892 997 explicare,
926 936 999 979 ita
1041 939 1100 979 ut
1134 933 1204 978 ibi
1237 932 1528 995 presbyteri
1575 933 1661 993 qui
1697 932 1767 976 eis

259 1003 629 1067 congregandis
671 1020 699 1049 a
739 1003 882 1048 nobis
922 1004 1159 1064 primitus
1199 1002 1466 1046 constituti
1505 1005 1643 1054 sunt,
1683 1014 1769 1044 ex-

259 1073 589 1135 poliarentur,
647 1070 1003 1124 caederentur,
1061 1067 1471 1123 debilitarentur,
1529 1082 1769 1113 excaeca-

259 1148 455 1195 rentur,
526 1139 893 1185 occiderentur.
965 1136 1194 1195 Quorum
1264 1143 1441 1182 tamen
1509 1137 1769 1197 passiones

259 1208 465 1254 inutiles
489 1224 545 1253 ac
562 1206 759 1253 steriles
782 1223 884 1252 non
904 1203 1129 1260 fuerunt,
1148 1207 1360 1250 unitatis
1377 1203 1476 1249 illic
1493 1205 1770 1249 securitate

261 1275 506 1339 perfecta.
577 1274 679 1321 Sed
705 1274 842 1337 quod
868 1274 932 1320 ab
958 1273 1198 1335 Hippone
1224 1278 1566 1318 memoratum
1591 1268 1772 1316 castel-

261 1345 366 1391 lum
420 1343 620 1389 milibus
676 1342 1018 1405 quadraginta
1071 1343 1373 1404 seiungitur,
1426 1355 1542 1386 cum
1594 1342 1647 1384 in
1700 1341 1771 1384 eis

261 1412 498 1476 regendis
532 1418 584 1457 et
618 1427 792 1457 eorum
823 1410 1047 1472 reliquiis
1078 1409 1198 1455 licet
1231 1411 1427 1471 exiguis
1459 1406 1773 1470 colligendis,

264 1488 395 1544 quae
416 1484 467 1525 in
487 1486 704 1542 utroque
725 1495 851 1524 sexu
870 1478 1180 1524 oberrabant
1200 1493 1301 1522 non
1318 1479 1540 1522 minaces
1561 1474 1772 1521 ulterius

265 1549 356 1595 sed
402 1546 629 1611 fugaces,
688 1563 771 1592 me
820 1546 1046 1592 viderem
1099 1545 1250 1591 latius
1300 1561 1454 1606 quam
1502 1542 1775 1606 oportebat

267 1616 494 1670 extendi,
521 1632 615 1661 nec
653 1614 975 1661 adhibendae
1011 1613 1238 1659 sufficere
1270 1612 1585 1679 diligentiae,
1621 1626 1775 1673 quam

266 1688 544 1731 certissima
581 1686 779 1729 ratione
827 1681 1057 1728 adhiberi
1105 1681 1294 1727 debere
1343 1680 1633 1734 cernebam,
1672 1681 1776 1741 epi-

267 1769 473 1814 scopum
499 1753 567 1798 ibi
592 1751 929 1797 ordinandum
954 1749 1474 1810 constituendumque
1499 1749 1683 1793 curavi.

218 1828 243 1867 3
334 1820 485 1878 Quod
540 1826 597 1865 ut
653 1818 817 1873 fieret,
873 1824 1052 1880 aptum
1106 1816 1215 1862 loco
1269 1815 1339 1862 illi
1393 1829 1776 1878 congruumque

266 1888 610 1951 requirebam,
649 1889 736 1949 qui
775 1893 829 1932 et
868 1885 1059 1931 Punica
1095 1884 1269 1948 lingua
1309 1890 1445 1930 esset
1482 1886 1775 1929 instructus.

268 1957 337 2002 Et
368 1955 642 2009 habebam,
674 1955 738 2001 de
771 1971 871 2016 quo
903 1953 1212 2016 cogitabam,
1242 1958 1481 2014 paratum
1510 1951 1778 2014 presbyte-

268 2041 399 2079 rum,
426 2030 636 2086 propter
670 2038 823 2085 quem
852 2021 1189 2068 ordinandum
1217 2027 1451 2066 sanctum
1479 2035 1654 2065 senem
1691 2020 1779 2081 qui

269 2099 391 2139 tunc
425 2094 703 2154 primatum
739 2090 1009 2136 Numidiae
1043 2089 1277 2152 gerebat,
1312 2088 1376 2134 de
1409 2086 1687 2150 longinquo
1721 2091 1780 2132 ut

271 2163 487 2215 veniret,
528 2175 712 2221 rogans
753 2157 938 2203 litteris
979 2158 1266 2219 impetravi.
1337 2154 1451 2213 Quo
1491 2157 1594 2200 iam
1633 2169 1780 2216 prae—

271 2235 417 2274 sente
456 2230 785 2288 omniumque
822 2229 874 2270 in
910 2242 964 2271 re
1002 2231 1149 2270 tanta
1187 2226 1442 2285 suspensis
1481 2224 1676 2277 animis,
1715 2221 1780 2268 ad

332 2321 350 2339 <²
381 2315 601 2355 Parachia
638 2315 870 2354 continues
908 2317 954 2353 to
995 2325 1125 2352 mean
1155 2325 1181 2351 a
1213 2311 1238 2327 “
1258 2310 1433 2351 diocese
1453 2309 1479 2326 ”
1508 2308 1599 2350 and
1637 2313 1717 2350 not
1753 2322 1782 2348 a

276 2370 302 2386 ‘⁶
323 2369 474 2421 parish
495 2369 521 2385 ’⁹
542 2373 588 2409 at
615 2367 725 2409 least
745 2381 793 2408 as
813 2367 901 2408 late
928 2380 976 2407 as
1003 2366 1078 2407 the
1103 2367 1211 2406 time
1231 2366 1283 2406 of
1307 2363 1441 2411 Bede‚
1461 2363 1680 2416 although
1706 2362 1783 2403 the

275 2423 423 2464 Greek
447 2422 567 2463 word
590 2425 624 2462 is
646 2422 753 2463 used
775 2436 883 2463 even
905 2422 974 2461 for
993 2434 1019 2460 a
1039 2425 1230 2472 country
1249 2420 1570 2471 congregation
1590 2431 1639 2458 as
1659 2416 1783 2469 early

275 2492 324 2518 as
347 2478 422 2519 the
445 2476 631 2518 Council
660 2478 711 2517 of
736 2475 1006 2522 Chalcedon,
1031 2489 1126 2516 ΑΛ).
1151 2478 1230 2514 451
1258 2474 1349 2525 (see
1375 2472 1548 2525 Bright‚
1569 2472 1704 2512 Notes
1726 2485 1781 2512 on

277 2534 344 2573 the
373 2532 548 2572 Canens
570 2532 622 2583 ⁰f
646 2533 713 2571 the
726 2531 832 2582 first
854 2531 966 2582 four
998 2530 1183 2570 General
1216 2528 1438 2575 Councils,
1460 2539 1535 2579 pp.
1558 2527 1723 2579 51-53).

344 2588 360 2612 ⁰
389 2587 506 2627 That
529 2588 578 2633 is,
602 2585 675 2625 the
698 2586 944 2626 Donatists.

281 2658 376 2699 354
