1866 2964
767 152 858 200 ST.
896 151 1304 200 AUGUSTINE

282 289 439 336 verba
482 289 795 350 interrogavi
842 302 943 349 quo
989 284 1142 331 modo
1189 284 1254 331 de
1304 281 1476 329 fructu
1523 281 1791 329 ebrietatis

283 372 676 421 agnosceremur
712 353 991 408 christiani,
1029 369 1155 416 quos
1194 352 1259 398 de
1296 350 1546 398 fructibus
1585 351 1792 413 agnosci
1865 358 1866 362 ’

283 426 517 472 dominus
570 426 732 469 iussit.
822 422 1051 468 Adiunxi
1105 423 1263 467 etiam
1318 418 1598 482 legendum
1652 417 1791 481 quod

283 496 544 556 sequitur:
584 491 785 537 Fructus
819 496 971 536 aute-m
1005 487 1199 553 spiritus
1233 494 1300 534 est
1333 486 1526 542 caritas,
1545 485 1792 550 gaudium,

277 579 395 625 pax,
419 558 769 624 longanimitas,
793 556 1070 622 benignitas,
1093 554 1291 611 bonitas,
1297 554 1448 618 fides,
1471 552 1792 608 mansuetudO,

281 627 579 683 continentia,
638 630 824 691 egique
883 633 942 672 ut
999 625 1383 671 considerarent
1440 639 1595 686 quam
1654 627 1793 668 esset

282 697 582 760 pudendum
606 702 763 758 atque
786 693 1154 757 plangendum,
1177 692 1315 755 quod
1338 692 1402 738 de
1424 690 1520 737 illis
1542 689 1792 737 fructibus

284 767 447 812 carnis
470 781 572 810 non
596 762 759 809 solum
780 764 1019 825 privatim
1041 764 1229 816 vivere,
1251 760 1343 806 sed
1365 763 1523 806 etiam
1545 758 1791 805 honorem

285 832 529 879 ecclesiae
571 829 773 878 deferre
812 836 1061 892 cuperent
1103 836 1174 884 et,
1215 831 1255 874 si
1294 834 1526 891 potestas
1566 827 1794 882 daretur,

284 909 454 948 totum
483 907 593 946 tam
621 914 842 962 magnae
870 896 1109 944 basilicae
1139 899 1362 959 spatium
1391 896 1554 943 turbis
1585 893 1795 958 epulan-

283 973 415 1016 tium
435 969 793 1030 ebriorumque
812 965 1130 1028 complerent
1152 981 1164 1021 ;
1202 965 1266 1011 de
1286 962 1596 1027 spiritalibus
1616 970 1793 1010 autem

285 1036 535 1083 fructibus
558 1036 623 1082 ad
648 1051 774 1099 quos
801 1041 854 1080 et
879 1034 1163 1081 divinarum
1187 1036 1552 1096 scripturarum
1577 1033 1795 1078 auctori-

285 1113 398 1152 tate
423 1111 477 1151 et
498 1106 684 1150 nostris
706 1103 984 1166 gemitibus
1005 1104 1364 1156 invitarentur,
1386 1099 1568 1147 nolunt
1592 1098 1793 1147 adferre

285 1174 383 1220 deo
412 1189 627 1219 munera
658 1178 713 1218 et
741 1170 818 1217 his
847 1173 1170 1233 potissimum
1199 1168 1458 1216 celebrare
1488 1167 1624 1215 festa
1652 1184 1796 1215 sanc—

285 1249 471 1288 torum.

237 1317 260 1355 7
350 1309 548 1368 Quibus
570 1309 810 1370 peractis,
832 1306 1060 1352 codicem
1087 1305 1288 1352 reddidi
1319 1312 1373 1351 et
1401 1308 1657 1367 imperata
1686 1320 1796 1350 ora-

286 1380 446 1432 tione,
485 1383 737 1439 quantum
776 1373 911 1421 valui
951 1381 1005 1420 et
1044 1381 1297 1437 quantum
1335 1389 1419 1419 me
1458 1376 1625 1436 ipsum
1663 1376 1797 1436 peri-

286 1444 456 1491 culum
512 1444 769 1507 urguebat
825 1449 879 1488 et
934 1445 1065 1488 vires
1120 1443 1506 1488 subministrare
1561 1442 1796 1488 dominus

286 1513 616 1576 dignabatur,
643 1513 887 1557 constitui
916 1512 987 1556 eis
1017 1516 1139 1555 ante
1169 1508 1338 1556 oculos
1367 1525 1638 1556 commune
1665 1512 1798 1572 peri-

287 1581 474 1635 culum,
521 1587 575 1627 et
618 1582 843 1641 ipsorum
888 1581 975 1641 qui
1019 1578 1164 1624 nobis
1208 1581 1462 1624 commissi
1506 1584 1697 1633 essent,
1743 1584 1798 1624 et

287 1656 537 1703 nostrum,
585 1650 671 1710 qui
720 1647 784 1693 de
830 1645 927 1692 illis
973 1649 1227 1691 rationem
1272 1646 1523 1692 reddituri
1570 1661 1797 1692 essemus

287 1724 552 1780 pastorum
590 1717 823 1777 principi,
860 1730 953 1776 per
991 1717 1132 1760 cuius
1171 1713 1536 1770 humilitatem,
1573 1717 1799 1777 insignes

287 1783 643 1838 contumelias,
668 1781 840 1845 alapas
868 1789 922 1828 et
948 1788 1128 1844 sputus
1153 1784 1206 1827 in
1230 1780 1415 1828 faciem
1442 1788 1497 1828 et
1521 1781 1717 1844 palmas
1745 1789 1799 1828 et

289 1856 520 1915 spineam
543 1867 782 1897 coronam
807 1856 861 1896 et
884 1866 1086 1896 crucem
1117 1866 1174 1895 ac
1205 1853 1508 1914 sanguinem
1540 1851 1801 1897 obsecravi

290 1928 366 1976 ut,
399 1923 440 1966 si
472 1936 526 1966 se
559 1922 655 1982 ipsi
687 1917 879 1981 aliquid
909 1916 1260 1973 offendissent,
1291 1917 1373 1964 vel
1403 1921 1562 1964 nostri
1593 1922 1802 1964 misere-

289 1995 468 2034 rentur
509 1994 562 2033 et
600 1989 891 2050 cogitarent
928 1985 1232 2032 venerabilis
1270 1989 1405 2032 senis
1444 1985 1631 2032 Valerii
1670 1989 1802 2032 circa

290 2073 372 2102 me
407 2053 719 2101 ineffabilem
752 2056 1042 2109 caritatem,
1077 2056 1165 2116 qui
1197 2052 1322 2099 mihi
1354 2054 1613 2101 tractandi
1646 2055 1803 2101 verba

288 2126 519 2172 veritatis
539 2130 649 2170 tam
670 2120 1011 2185 periculosum
1034 2138 1160 2168 onus
1188 2138 1291 2168 non
1320 2122 1570 2169 dubitarit
1591 2129 1804 2185 propter

356 2320 374 2337 α
434 2315 443 2323 “
597 2331 606 2337 -
627 2316 697 2343 9-9

360 2370 375 2394 ⁶
408 2313 897 2420 gabeitezur}{·dering
930 2367 1039 2408 than
1076 2368 1101 2384 ‘⁸
1122 2367 1311 2421 bidding
1343 2369 1418 2410 the
1453 2369 1609 2422 people
1643 2369 1804 2423 pray.”

299 2424 394 2487 Τὴει
417 2425 737 2475 congregation
761 2425 1013 2463 sometimes
1037 2423 1256 2464 exercised
1279 2423 1354 2464 the
1378 2424 1497 2477 right
1519 2426 1572 2465 of
1588 2425 1804 2466 demand-

299 2492 377 2531 mg
397 2493 424 2518 a
445 2491 634 2518 sermon.

359 2538 373 2557 ⁰
407 2531 632 2584 Probably
658 2531 747 2572 this
777 2533 812 2572 is
840 2531 915 2572 the
943 2531 1062 2584 right
1091 2534 1302 2585 meaning
1330 2532 1446 2582 here,
1476 2538 1553 2574 not
1583 2534 1607 2551 ‘⁶
1628 2534 1804 2586 piei-ced

307 2613 366 2657 78
