1850 2964
736 188 827 237 ST.
865 187 1274 237 AUGUSTINE

251 339 342 386 pro
373 321 533 368 malis.
605 321 742 380 Quid
771 324 984 368 istorum
1017 322 1232 368 duorum
1264 324 1348 378 sit,
1377 337 1473 368 nec
1503 322 1758 370 discutere

251 390 363 437 volo
387 407 480 436 nec
504 389 647 436 valeo
670 390 893 436 iudicare
919 406 929 446 3
973 406 1069 453 ego
1094 389 1380 436 Christiano
1401 389 1581 453 loquor
1604 407 1615 438 ι
1655 390 1759 438 11011

250 459 466 505 reddere
492 457 571 504 vel
594 457 727 503 mala
751 475 842 520 pro
866 459 1010 504 bonis
1035 457 1116 504 vel
1138 457 1272 504 mala
1295 475 1386 521 pro
1409 457 1570 505 malis.

202 534 227 572 9
318 527 456 573 Dicis
492 525 616 572 mihi
651 524 902 572 fortasse:
957 525 984 541 “
1012 525 1072 572 In
1107 533 1257 572 tanta
1291 529 1599 573 necessitate
1636 527 1760 590 quid

252 598 323 640 vis
357 602 414 640 ut
447 593 631 640 faciam
656 595 672 640 ζ’
700 593 727 608 ”
797 593 847 639 Si
879 593 1141 640 consilium
1175 611 1203 640 a
1235 611 1318 640 me
1352 595 1632 642 secundum
1663 593 1759 642 hoe

251 662 509 708 saeculum
535 665 753 724 quaeris,
777 679 877 724 quo
900 663 1052 708 modo
1076 665 1173 708 ista
1197 662 1330 709 salus
1353 670 1446 709 tua
1467 665 1760 709 transitoria

251 737 366 777 tuta
391 734 474 786 sit,
499 738 551 776 et
575 733 809 793 potentia
835 737 991 793 atque
1017 730 1281 793 opulentia
1303 730 1384 776 vel
1405 734 1505 777 ista
1528 737 1759 778 servetur

251 816 405 862 quam
429 815 563 844 nunc
587 797 764 853 habes,
788 797 869 844 vel
893 801 1049 844 etiam
1074 802 1233 845 maior
1257 799 1494 855 addatur,
1518 799 1642 862 quid
1663 800 1758 846 tibi

250 867 606 930 respondeam,
666 869 871 922 nescio;
932 869 1129 913 incerta
1177 870 1367 930 quippe
1413 869 1514 914 ista
1559 873 1757 914 certum

250 934 513 981 eonsilium
542 933 732 981 habere
763 951 865 980 non
893 942 1122 997 possunt.
1192 934 1243 981 Si
1273 942 1449 981 autem
1478 936 1759 982 seeundum

251 1004 405 1050 deum
443 1020 526 1049 me
575 1002 790 1049 consulis
838 1019 903 1048 ne
943 1006 1111 1048 anima
1149 1010 1241 1049 tua
1277 1010 1476 1066 pereat,
1515 1010 1569 1050 et
1606 1006 1758 1050 times

251 1073 406 1118 verba
464 1074 694 1117 veritatis
749 1071 1000 1117 dicentis:
1067 1070 1195 1124 Quid
1240 1071 1433 1135 prodest
1478 1070 1670 1129 homini,
1716 1070 1759 1119 si

251 1146 389 1186 totum
435 1139 653 1186 mundum
703 1138 918 1194 lucretur,
963 1138 1146 1185 animae
1189 1146 1339 1186 autem
1382 1156 1496 1186 suae
1537 1139 1758 1186 damnum

244 1208 497 1272 patiatur?
550 1206 717 1253 habeo
753 1206 923 1269 plane,
961 1208 1098 1269 quod
1134 1208 1334 1264 dicam3
1386 1215 1465 1254 est
1502 1208 1640 1271 apud
1672 1224 1757 1254 me

251 1275 513 1322 consilium
551 1276 688 1338 quod
714 1292 741 1320 a
767 1292 850 1321 me
878 1276 1068 1322 audias.
1139 1275 1275 1334 Quid
1301 1283 1477 1323 autem
1515 1293 1641 1340 opus
1679 1283 1759 1323 est

250 1351 307 1390 ut
351 1344 487 1390 aliud
524 1344 689 1390 dicam
732 1360 886 1406 quam
927 1342 1052 1390 illud
1100 1344 1237 1406 quod
1270 1361 1423 1407 supra
1458 1344 1598 1391 dixi:
1641 1343 1759 1392 Noli

249 1412 442 1477 diligere
476 1411 692 1458 mundum
730 1428 812 1457 περ
847 1428 900 1457 ea
938 1429 1058 1475 quae
1093 1411 1140 1458 in
1176 1411 1346 1459 mundo
1378 1418 1499 1459 sunt.
1567 1411 1621 1459 Si
1652 1412 1758 1477 quis

250 1480 368 1527 enim
409 1479 620 1526 dilexerit
659 1479 896 1535 mundum,
936 1497 1027 1526 non
1066 1486 1133 1527 est
1171 1480 1346 1527 caritas
1377 1479 1533 1545 patris
1571 1479 1620 1527 in
1657 1480 1757 1537 illo,

251 1548 468 1613 quoniam
524 1547 679 1595 omnia.
738 1564 858 1612 quae
906 1547 954 1593 in
1003 1547 1172 1595 mundo
1219 1556 1343 1605 sunt,
1390 1548 1758 1613 concupiscentia

249 1617 405 1663 carnis
437 1622 504 1663 est
535 1623 577 1663 et
607 1615 976 1680 concupiscentia
1008 1616 1241 1663 oculorum
1274 1623 1315 1664 et
1347 1617 1535 1664 ambitio
1566 1616 1758 1674 saeculi,

251 1702 371 1749 quae
408 1703 495 1731 72072
535 1691 603 1731 est
640 1701 668 1730 a
700 1691 854 1748 patre,
892 1683 974 1731 sed
1009 1701 1065 1731 ex
1102 1684 1272 1732 mundo
1308 1691 1390 1732 est.
1457 1685 1523 1732 Et
1558 1684 1758 1733 mundus

250 1753 416 1800 transit
448 1760 489 1799 et
521 1752 888 1816 concupiscentia
921 1752 1020 1799 eius
1041 1772 1061 1806 ,·
1106 1753 1186 1818 qui
1219 1760 1369 1800 autem.
1390 1752 1567 1818 fecerit
1598 1753 1758 1801 volun-

249 1828 385 1867 tatem
426 1820 516 1876 dei,
557 1827 709 1867 manet
747 1820 795 1866 in
837 1826 1089 1876 aeternum,
1129 1821 1246 1868 sicut
1285 1828 1327 1868 et
1365 1821 1478 1868 deus
1517 1828 1671 1869 manet
1707 1821 1756 1869 in

250 1890 524 1936 aeternum?
592 1889 725 1935 Ecce
779 1888 1040 1935 consilium
1067 1905 1077 1944 ;
1150 1892 1314 1952 arripe
1369 1897 1423 1936 et
1476 1906 1588 1954 age.
1658 1889 1756 1937 Hic

250 1964 515 2021 appareat,
547 1960 587 2003 si
619 1960 692 2003 vir
723 1955 867 2003 fortis
901 1973 989 2013 es3
1039 1960 1182 2004 vince
1214 1958 1542 2021 cupiditates,
1573 1958 1756 2022 quibus

247 2029 344 2072 iste
365 2025 594 2089 diligitur
614 2025 852 2080 mundus,
870 2042 965 2088 age
985 2028 1358 2088 paenitentiam
1379 2026 1443 2073 de
1464 2029 1757 2090 praeteritis

247 2094 410 2150 malis,
446 2094 650 2157 quando
689 2094 751 2140 ab
790 2096 860 2139 eis
897 2094 1264 2156 cupiditatibus
1299 2097 1462 2141 victus
1500 2110 1593 2158 per
1625 2094 1756 2141 desi-

309 2198 327 2216 ⁰
362 2191 490 2233 Rom.
515 2193 587 2232 xii.
617 2194 664 2232 17
687 2208 698 2239 ;
735 2195 751 2231 1
779 2191 930 2232 Thess,
954 2206 994 2233 v.
1024 2195 1104 2240 153
1142 2196 1158 2233 1
1187 2192 1279 2234 Pet.
1304 2194 1364 2234 iii.
1387 2196 1427 2234 9.

313 2246 328 2270 ὸ
366 2247 435 2299 Cf.
468 2247 566 2287 Ter.
598 2245 715 2286 Eun.
748 2249 879 2286 57-63
911 2250 1068 2298 “quae
1098 2260 1165 2287 res
1196 2249 1241 2288 111
1271 2261 1316 2288 se
1346 2261 1490 2300 neque
1519 2247 1754 2288 consilium

258 2315 401 2354 neque.
423 2300 608 2341 modum
630 2300 781 2341 Habet
803 2300 956 2348 ullum,
974 2315 1071 2341 eam
1095 2301 1279 2343 consilio
1300 2316 1451 2355 regere
1471 2315 1561 2343 non
1581 2301 1754 2354 potes.''

309 2361 323 2381 ⁶
360 2356 492 2396 Matt.
515 2357 600 2395 xvi.
623 2358 678 2396 26
699 2372 709 2402 ς
746 2354 883 2395 Mark
899 2358 988 2396 viii.
1012 2359 1065 2397 36
1087 2373 1097 2403 ς
1132 2356 1262 2398 Luke
1283 2358 1338 2398 ix.
1355 2360 1425 2398 25.
1486 2356 1592 2398 This
1613 2369 1755 2398 seems

255 2414 301 2450 to
341 2411 395 2451 be
429 2410 503 2450 the
543 2409 649 2462 only
688 2409 812 2462 place
850 2410 995 2450 where
1034 2411 1288 2463 Augustine
1332 2415 1488 2464 quotes
1525 2411 1601 2452 the
1637 2412 1755 2452 form

254 2466 462 2505 damnum
500 2466 740 2516 patiatur,·
788 2464 1022 2505 elsewhere
1058 2465 1140 2516 (De
1175 2466 1312 2507 Serm.
1345 2466 1473 2506 Dom.
1512 2468 1553 2507 2.
1594 2468 1662 2514 50,
1702 2464 1751 2506 O.

249 2520 290 2560 A
299 2521 326 2559 cl
335 2520 404 2560 im.
434 2522 497 2567 18,
521 2519 658 2559 Serm.
681 2521 778 2559 330.
800 2520 846 2571 3)
868 2519 922 2560 he
944 2519 1023 2560 has
1044 2519 1183 2561 either
1199 2521 1509 2561 detrimentum
1520 2521 1683 2574 faciat,
1705 2532 1755 2560 or

256 2575 566 2614 detrimentum
582 2574 803 2625 patiatur.

246 2645 343 2685 430
