1866 2964
217 1114 241 1152 N)

755 156 845 203 ST.
885 156 1293 203 AUGUSTINE
1351 194 1354 198 Α

265 292 524 351 accepisti,
567 306 663 352 ago
704 291 914 352 gratias,
953 305 1078 351 quas
1121 287 1269 335 nullis
1312 290 1479 337 verbis
1522 290 1777 353 explicare

268 360 490 419 possim3
569 358 694 403 deus
755 356 849 403 hoc
908 357 1163 419 rependat
1220 360 1273 402 in
1333 360 1556 404 animam
1615 365 1776 406 tuam.

268 425 447 472 Omnis
483 428 660 488 itaque
697 423 915 471 fratrum
952 432 1147 481 coetus,
1185 428 1271 487 qui
1310 426 1447 488 apud
1485 442 1570 473 eos
1608 431 1779 490 coepit

265 493 568 549 coalescere,
614 500 764 539 tanta
809 493 904 539 tibi
954 496 1314 556 praerogativa
1358 494 1633 541 obstrictus
1681 502 1779 552 est,

267 568 326 608 ut
360 560 481 607 locis
517 568 770 607 terrarum
805 567 1011 607 tantum
1046 560 1198 624 longe
1231 561 1494 608 disiunctis
1528 565 1603 608 ita
1634 564 1780 610 nobis

267 628 576 675 consulueris
609 636 876 691 tamquam
907 632 1351 690 praesentissimus
1376 632 1572 692 spiritu.
1642 630 1779 689 Qua-

266 704 477 759 propter
528 698 781 759 precibus,
830 704 1082 759 quantum
1130 696 1376 752 valemus,
1422 699 1779 755 incumbimus,

267 773 325 812 ut
351 781 563 828 gregem
591 766 685 811 tibi
712 768 1037 811 commissum
1063 771 1237 811 tecum
1264 765 1497 812 dominus
1524 769 1777 813 sustinere

266 834 509 897 dignetur
538 850 632 879 nec
663 840 716 879 te
749 836 947 895 uspiam
977 833 1233 888 deserere,
1263 833 1354 880 sed
1385 833 1563 880 adesse
1594 834 1780 882 adiutor

266 901 314 947 in
358 899 777 964 opportunitatibus
805 898 1005 963 faciens
1048 918 1164 947 cum
1209 901 1423 947 ecclesia
1465 918 1558 948 sua
1600 902 1778 949 miseri-

265 968 471 1015 cordiam
496 986 587 1031 per
612 969 954 1016 sacerdotium
979 976 1145 1024 tuum,
1171 968 1377 1031 qualem
1401 969 1655 1032 spiritales
1686 974 1777 1017 viri

266 1045 323 1083 ut
348 1036 503 1083 faciat
525 1036 742 1083 lacrimis
768 1054 885 1083 eum
909 1038 1290 1101 gemitibusque
1313 1036 1662 1100 interpellant.

330 1104 466 1151 Scias
489 1109 685 1168 itaque,
709 1106 913 1152 domine
937 1105 1234 1152 beatissime
1259 1111 1313 1152 et
1336 1104 1630 1168 plenissima
1653 1109 1778 1153 cari-

266 1180 377 1219 tate
417 1173 739 1229 venerabilis,
777 1190 879 1219 non
917 1173 1191 1235 desperare
1229 1190 1338 1229 nos,
1375 1176 1531 1220 immo
1570 1191 1776 1237 sperare

266 1258 355 1287 nos
392 1240 745 1297 vehementer,
781 1241 919 1304 quod
954 1242 1188 1288 dominus
1225 1248 1280 1287 et
1315 1241 1442 1288 deus
1476 1249 1652 1289 noster
1685 1260 1778 1306 per

266 1313 629 1356 auctoritatem
655 1325 924 1372 personae,
951 1326 1105 1372 quam
1131 1312 1285 1373 geris,
1312 1326 1466 1372 quam
1493 1327 1595 1356 non
1621 1314 1778 1367 carni,

266 1378 357 1423 sed
399 1381 580 1440 spiritu
623 1385 713 1424 tuo
755 1380 1031 1440 inpositam
1075 1394 1186 1423 esse
1229 1378 1546 1434 confidimus,
1588 1378 1777 1426 multas

265 1445 492 1492 carnales
535 1444 813 1492 foeditates
858 1452 911 1492 et
955 1445 1323 1509 aegritudines,
1366 1462 1492 1510 quas
1534 1445 1778 1494 Africana

267 1513 481 1559 ecclesia
528 1517 579 1559 in
628 1513 801 1560 multis
849 1517 1064 1576 patitur,
1101 1516 1153 1559 in
1200 1516 1375 1576 paucis
1423 1517 1587 1578 gemit
1637 1551 1647 1562 .
1700 1552 1710 1562 .
1763 1552 1775 1563 .

265 1581 589 1628 conciliorum
623 1585 765 1645 gravi
792 1598 912 1628 ense
941 1589 995 1628 et
1020 1588 1113 1628 tua
1137 1585 1393 1645 gravitate
1419 1598 1567 1645 posse
1593 1586 1778 1631 sanari.

267 1649 395 1695 Cum
436 1653 571 1695 enim
611 1649 869 1712 apostolus
911 1653 1011 1696 tria
1047 1650 1273 1696 breviter
1309 1666 1502 1714 genera
1538 1653 1776 1698 vitiorum

266 1717 577 1764 detestanda
600 1725 653 1764 et
676 1718 886 1764 vitanda
908 1735 1009 1764 uno
1030 1720 1084 1763 in
1103 1716 1214 1764 loco
1235 1721 1483 1780 posuerit,
1505 1718 1569 1765 de
1593 1720 1777 1782 quibus

263 1785 712 1832 innumerabilium
741 1793 1072 1849 peccatorum
1101 1789 1390 1833 exsurrexit
1426 1803 1592 1850 seges,
1617 1805 1775 1834 unum

267 1852 465 1909 horum,
500 1854 638 1917 quod
670 1854 879 1917 quidem
913 1854 1136 1900 secundo
1168 1853 1278 1900 loco
1310 1857 1499 1917 posuit,
1532 1859 1776 1902 acerrime

266 1924 318 1966 in
360 1921 573 1968 ecclesia
613 1922 932 1977 vindicatum
993 1922 1094 1968 duo
1135 1929 1310 1968 autem
1351 1921 1565 1985 reliqua,
1603 1923 1657 1970 id
1698 1931 1778 1971 est

265 1992 485 2051 primum
522 1997 575 2036 et
609 1989 865 2045 ultimum,
898 1989 1185 2036 tolerabilia
1217 1990 1457 2037 videntur
1489 1989 1778 2038 hominibus

267 2064 423 2120 atque
453 2060 526 2103 ita
556 2057 806 2119 paulatim
836 2057 944 2104 fieri
972 2065 1165 2120 potest,
1193 2065 1253 2104 ut
1280 2074 1376 2104 nec
1404 2061 1528 2104 vitia
1554 2061 1656 2104 iam
1685 2076 1777 2122 pu-

267 2132 460 2172 tentur.
529 2126 620 2171 Ait
650 2129 785 2171 enim
815 2142 901 2172 vas
932 2125 1194 2172 electionis
1218 2142 1230 2172 :
1277 2125 1387 2172 Non
1415 2125 1464 2172 in
1491 2126 1778 2174 comissatio-

267 2191 402 2239 nibus
430 2200 472 2239 et
499 2192 810 2248 ebrietatibus,
838 2210 929 2240 non
956 2193 1005 2240 in
1033 2191 1258 2240 cubilibus
1285 2200 1327 2240 et
1353 2193 1657 2258 inpudicitiis,
1684 2212 1776 2242 non

334 2318 352 2336 ‘²
387 2312 458 2353 Ps.
482 2315 538 2354 ix.
566 2316 646 2360 10;
678 2315 779 2354 xvii.
803 2317 871 2354 51.

335 2366 351 2390 ὸ
381 2367 523 2407 There
563 2370 596 2407 is
635 2382 691 2407 an
731 2367 1031 2408 anacoluthon
1081 2367 1197 2415 here,
1238 2366 1327 2409 and
1371 2367 1656 2409 Goldbacher
1694 2369 1774 2411 has

275 2421 461 2461 marked
483 2436 509 2462 a
529 2422 703 2463 lacuna.
751 2422 844 2463 The
866 2422 950 2463 last
969 2422 1117 2463 clause
1138 2423 1441 2474 (conciliorum
1473 2454 1482 2464 .
1516 2454 1526 2464 .
1559 2454 1570 2464 .
1600 2425 1773 2477 sanari)

278 2478 313 2515 is
338 2490 364 2516 a
393 2477 509 2516 locus
541 2478 862 2524 remotissimus,
884 2476 974 2517 and
1003 2477 1078 2517 the
1107 2479 1302 2517 variants
1331 2490 1380 2517 so
1410 2490 1648 2517 numerous
1677 2478 1774 2520 that

278 2530 350 2570 the
366 2530 533 2571 textual
554 2533 678 2571 critic
695 2535 813 2575 must
833 2531 886 2572 be
902 2531 1094 2577 referred
1115 2536 1161 2572 to
1177 2531 1498 2573 Goldbacher's
1514 2537 1771 2585 apparatus.

276 2602 338 2641 42
