1850 2964
728 160 818 208 ST.
857 160 1219 208 AUGUSTIN
1223 161 1266 207 E

245 300 299 340 et
322 295 503 348 bonus,
522 300 581 339 ut
605 299 854 355 praestet,
880 300 934 339 et
958 292 1138 348 maluS,
1158 300 1217 339 ut
1241 291 1403 349 fallat,
1429 300 1482 340 et
1508 292 1749 341 Christia-

243 379 336 408 nus
362 369 633 408 venerator
659 368 712 407 et
736 378 966 425 paganus
994 360 1227 408 adulator
1247 377 1258 416 3
1289 377 1464 408 omnes
1491 361 1749 409 Christum

242 437 455 476 cantant
486 437 557 485 et,
588 446 689 492 qua
718 429 983 476 voluntate
1016 436 1172 492 atque
1203 446 1289 476 ore
1319 437 1550 486 cantent,
1580 431 1748 478 eidem

241 501 354 561 ipsi,
396 514 550 561 quem
591 504 821 553 cantant,
861 501 1114 544 rationem
1156 500 1263 544 sine
1305 498 1459 544 dubio
1499 498 1749 545 reddituri

242 573 376 612 sunt.

191 643 217 680 5
306 634 401 680 Est
433 634 678 697 quiddam
709 632 976 689 invisibile,
1010 649 1074 679 ex
1107 650 1207 696 quo
1239 640 1469 679 creatore
1501 636 1748 697 principio

241 709 360 748 sunt
398 705 567 748 omnia
605 718 736 764 quae
768 702 1016 755 videmus,
1053 718 1326 757 summum,
1358 708 1645 758 aeternum,
1673 705 1748 748 in-

242 769 604 816 commutabile
639 777 692 816 et
724 769 847 815 nulli
880 768 1079 815 effabile
1112 772 1207 815 nisi
1238 776 1444 816 tantum
1476 771 1585 816 sibi.
1653 770 1750 817 Est

242 838 504 901 quiddam,
534 855 634 901 quo
664 854 717 884 se
746 841 856 900 ipsa
885 841 1150 884 summitas
1179 840 1463 884 maiestatis
1492 845 1666 884 narrat
1695 845 1750 884 et

241 907 522 969 praedicat,
541 923 643 952 non
666 909 813 968 inpar
837 908 1071 969 gignenti
1097 913 1254 968 atque
1274 909 1518 962 narranti,
1537 907 1749 952 verbum

243 991 343 1037 quo
368 974 451 1020 ille
478 977 564 1037 qui
583 975 795 1020 verbum
819 977 1004 1037 gignit,
1023 974 1326 1020 ostenditur.
1381 974 1476 1020 Est
1495 974 1750 1037 quaedam

244 1046 506 1098 sanctitas,
543 1045 768 1088 omnium
805 1059 937 1104 quae
974 1049 1149 1088 sancte
1187 1042 1334 1097 fiunt,
1369 1042 1751 1097 sanctificatrix,

242 1113 398 1173 ipsius
428 1109 856 1157 incommutabilis
887 1111 1045 1166 verbi,
1075 1126 1167 1172 per
1198 1111 1335 1173 quod
1364 1117 1599 1157 narratur
1626 1109 1751 1157 illud

242 1182 564 1241 principium,
605 1185 657 1224 et
696 1181 852 1240 ipsius
890 1181 1140 1240 principii,
1179 1178 1317 1241 quod
1354 1181 1465 1241 pari
1503 1195 1556 1224 se
1595 1179 1751 1225 verbo

244 1254 436 1302 narrat,
485 1245 834 1308 inseparabilis
886 1253 940 1292 et
987 1247 1203 1293 indivisa
1251 1249 1555 1293 communio.
1625 1246 1750 1304 Quis

245 1322 421 1361 autem
451 1313 545 1361 hoc
575 1321 763 1370 totum,
795 1315 932 1377 quod
961 1331 1063 1361 non
1094 1314 1309 1361 dicendo
1340 1315 1508 1361 dicere
1539 1321 1751 1361 conatus

245 1399 357 1429 sum
391 1390 444 1429 et
477 1383 692 1430 dicendo
724 1400 827 1429 non
859 1383 1046 1438 dicere,
1079 1386 1190 1445 quis
1222 1381 1317 1429 hoc
1348 1386 1508 1445 possit
1540 1386 1753 1429 serenis-

245 1454 372 1497 sima
404 1458 458 1497 et
488 1454 822 1497 sincerissima
853 1458 1029 1497 mente
1061 1454 1292 1497 contueri
1324 1467 1487 1514 eoque
1519 1454 1754 1498 contuitu

246 1519 623 1566 beatitudinem
672 1519 877 1574 ducere,
927 1527 1083 1581 atque
1130 1522 1183 1564 in
1229 1519 1282 1565 id
1321 1519 1458 1582 quod
1504 1521 1753 1575 intuetur,

248 1587 488 1633 deficiens
531 1587 753 1650 quodam
795 1587 946 1633 modo
989 1603 1042 1633 se
1085 1586 1308 1633 oblivisci
1351 1594 1405 1633 et
1445 1603 1661 1651 pergere
1701 1590 1755 1633 in

246 1654 387 1710 illud,
407 1659 547 1701 cuius
566 1658 755 1701 w'sione
776 1656 870 1701 sibi
888 1655 995 1701 vilis
1017 1662 1112 1710 est,
1132 1655 1270 1718 quod
1289 1662 1366 1702 est
1384 1654 1755 1702 inmortalitate

246 1723 388 1770 indui
425 1731 477 1770 et
514 1724 746 1770 obtinere
784 1731 1049 1769 aeternam
1084 1723 1321 1779 salutem,
1355 1739 1447 1786 per
1482 1740 1637 1786 quam
1670 1739 1755 1770 me

249 1791 471 1838 salutare
505 1791 963 1855 dignamini—quis
993 1790 1087 1838 hoc
1117 1794 1294 1854 possit,
1329 1794 1424 1838 nisi
1457 1795 1544 1855 qui
1579 1807 1756 1839 omnes

310 1959 328 1977 ‘¹
361 1952 557 1999 Salvian,
594 1952 701 1993 Gub.
735 1952 834 2000 Dei,
868 1955 923 1993 iv,
963 1956 1028 1994 15.
1062 1956 1130 2000 71,
1163 1954 1285 2005 gives
1317 1952 1485 1993 similar
1515 1954 1757 2005 testimony

251 2011 297 2047 to
335 2006 409 2047 the
447 2020 656 2047 common
695 2021 773 2047 use
811 2008 862 2047 of
894 2007 969 2047 the
1008 2021 1139 2048 name
1177 2008 1228 2047 of
1262 2007 1438 2048 Christ:
1495 2007 1654 2058 “Quis
1693 2011 1760 2048 est

252 2064 434 2101 omnino
466 2061 698 2101 hominum
730 2061 1023 2102 saecularium
1055 2066 1229 2113 praeter
1258 2075 1440 2114 paucos,
1472 2064 1549 2114 qui
1579 2075 1670 2102 non
1700 2060 1759 2101 ad

254 2116 338 2157 hoc
366 2129 540 2167 semper
570 2116 733 2156 Christi
764 2130 925 2156 nomen
956 2119 1000 2156 in
1023 2130 1096 2156 ore
1118 2116 1281 2156 habeat
1301 2121 1351 2156 ut
1371 2118 1564 2168 peieret?
1626 2115 1760 2157 Unde

253 2173 386 2210 etiam
408 2170 719 2222 pervulgatum
741 2170 824 2210 hoc
841 2172 932 2211 fere
951 2175 992 2210 et
1011 2170 1132 2222 apud
1152 2170 1321 2211 nobiles
1340 2175 1383 2211 et
1400 2169 1522 2223 apud
1541 2169 1760 2223 ignobiles

254 2229 582 2265 sacramentum
623 2229 716 2265 est:
776 2225 886 2276 ‘per
926 2224 1151 2265 Christum
1193 2227 1299 2276 quia
1339 2225 1424 2266 hoc
1461 2224 1609 2272 facio‚'
1651 2224 1760 2276 ‘per

255 2279 479 2319 Christum
501 2281 606 2330 quia
627 2279 711 2319 hoc
730 2279 848 2331 ago,’
882 2311 891 2320 .
926 2311 935 2318 .
971 2310 980 2319 .
1016 2279 1073 2319 Et
1092 2279 1200 2331 quid
1221 2278 1350 2331 plura
1367 2283 1385 2320 Ρ
1445 2278 1499 2318 In
1519 2278 1563 2319 id
1583 2281 1760 2331 penitus

254 2333 447 2373 deducta
482 2347 549 2373 res
584 2338 663 2379 est,
699 2338 749 2373 ut
780 2365 789 2374 .
825 2365 834 2374 .
870 2364 878 2373 .
913 2333 1077 2373 Christi
1112 2347 1272 2374 nomen
1310 2347 1399 2373 non
1432 2333 1636 2374 videatur
1669 2335 1760 2373 iam

253 2392 582 2428 sacramentum
612 2401 719 2435 esse,
749 2386 824 2427 sed
854 2388 1046 2428 sermo.''
1107 2389 1359 2439 Augustine
1387 2400 1528 2428 seems
1556 2386 1762 2428 nowhere

254 2441 342 2482 else
369 2446 415 2481 to
445 2443 557 2481 refer
585 2446 630 2481 to
658 2441 746 2482 this
774 2444 981 2493 practice,
1012 2442 1092 2481 but
1121 2442 1175 2482 he
1203 2441 1458 2493 frequently
1485 2441 1592 2482 does
1619 2439 1761 2493 speak

255 2497 306 2535 of
321 2495 396 2536 the
418 2497 604 2547 profane
626 2497 877 2536 invocation
900 2497 951 2535 of
968 2495 1108 2537 God's
1131 2510 1276 2543 name,
1298 2495 1441 2536 which
1464 2495 1519 2536 he
1540 2496 1762 2536 confesses

256 2550 423 2602 having
445 2549 556 2591 been
579 2549 786 2591 addicted
808 2554 854 2591 to
877 2550 1058 2591 himself
1074 2550 1232 2603 (Serm.
1261 2553 1354 2591 180.
1382 2553 1447 2598 10,
1471 2550 1497 2567 “
1518 2551 1761 2591 iuravimus

255 2614 352 2660 472
