1866 2964
728 123 819 171 ST.
858 124 1267 172 AUGUSTINE

240 258 334 304 sub
365 256 595 320 quolibet
620 260 803 304 timore
829 260 904 303 ius
935 257 1223 313 iurandum,
1250 273 1315 303 an
1339 264 1538 305 remoto
1568 259 1750 305 timore

238 350 347 409 ipso
372 349 664 409 periurium.

162 442 212 481 13
304 435 418 482 Deo
473 439 663 499 gratias
710 439 829 499 quia
873 453 974 482 non
1019 435 1167 482 aliter
1217 435 1593 498 Hipponienses
1637 453 1751 498 pro-

238 528 447 570 missum
493 528 623 570 circa
669 541 722 571 se
769 525 970 587 impleri
1015 529 1263 581 sentiunt,
1311 541 1466 588 quam
1512 532 1571 572 ut
1618 525 1752 573 adsit

236 614 502 660 voluntate
534 612 818 669 habitandi,
853 621 906 660 et
940 621 1024 660 eat
1057 631 1157 677 quo
1189 630 1397 661 necesse
1429 613 1602 670 fuerit,
1634 631 1749 661 cum

237 703 567 765 dispositione
631 703 895 750 redeundi.
968 702 1101 749 Nam
1164 706 1205 749 si
1268 703 1425 749 verba
1486 706 1750 751 iurationis

237 792 581 838 adtenderent
629 799 683 839 et
730 795 1017 855 exigerent,
1064 791 1201 838 nullo
1247 792 1399 839 modo
1445 808 1618 839 servus
1665 792 1750 839 dei

234 881 475 928 recedere
502 898 655 944 quam
681 881 781 927 ullo
806 881 958 928 modo
984 881 1163 928 debuit
1186 885 1434 944 peierare.
1505 880 1606 928 Sed
1631 885 1752 945 quia

234 973 426 1016 crimen
453 987 627 1016 eorum
655 978 791 1017 esset
817 987 918 1016 non
944 970 1055 1017 dico
1081 970 1242 1016 talem
1268 973 1430 1017 virum
1456 970 1548 1017 sed
1573 987 1750 1034 quem-

232 1059 359 1106 libet
401 1058 662 1106 hominem
698 1062 766 1106 sic
810 1066 1006 1115 tenere,
1044 1076 1138 1106 1166
1174 1063 1269 1122 ipsi
1313 1059 1464 1106 aliam
1508 1066 1748 1122 expecta-

232 1151 427 1194 tionem
453 1165 506 1194 56
539 1147 777 1195 habuisse
803 1149 1167 1210 probaverunt,
1194 1152 1280 1211 qui
1307 1149 1574 1195 audientes
1610 1149 1748 1212 quod

231 1237 487 1284 rediturus
528 1238 847 1294 abscesserit,
886 1237 1132 1301 gratulati
1170 1244 1306 1293 sunt,
1345 1254 1440 1284 1166
1478 1237 1617 1284 aliud
1652 1237 1747 1284 illis

232 1343 386 1373 verax
423 1330 608 1374 iuratio
643 1327 801 1374 debet
835 1344 991 1390 quam
1022 1327 1075 1374 id
1109 1327 1247 1390 quod
1284 1327 1348 1373 ab
1384 1326 1469 1373 illa
1507 1333 1747 1389 expecta-

237 1423 434 1463 verunt.
506 1416 643 1474 Quid
670 1423 748 1463 est
775 1423 968 1472 autem,
989 1416 1127 1479 quod
1152 1416 1336 1463 dicitur
1357 1432 1474 1463 eum
1493 1419 1746 1463 iuratione

231 1521 317 1551 ore
360 1522 450 1551 suo
500 1522 739 1568 expressa
780 1509 1139 1568 exceptionem
1187 1504 1368 1551 fecisse
1407 1508 1745 1561 necessitatis,

233 1598 375 1657 quasi
410 1611 511 1640 non
541 1611 626 1641 ore
662 1612 751 1641 suo
780 1611 950 1641 rursus
987 1593 1082 1641 hoc
1115 1597 1261 1641 iussit
1293 1593 1520 1640 auferri?
1589 1593 1744 1641 Certe

231 1683 296 1730 ad
314 1684 559 1745 populum
581 1684 785 1747 quando
805 1688 912 1746 ipse
932 1684 1130 1731 locutus
1153 1691 1248 1739 est,
1268 1692 1391 1731 tunc
1412 1687 1570 1730 etiam
1588 1687 1746 1730 inter-

229 1780 461 1834 poneret.
521 1772 672 1831 Quod
692 1776 731 1819 si
752 1772 974 1829 fecisset,
995 1790 1097 1819 non
1117 1776 1296 1836 utique
1316 1772 1714 1835 responderetur
1734 1789 1744 1818 :

232 1860 259 1877 “
286 1861 399 1908 Deo
425 1861 670 1925 gratias,'’
691 1862 781 1909 sed
802 1862 866 1909 ad
890 1862 1027 1909 illam
1047 1862 1301 1909 rediretur
1325 1861 1744 1909 reclamationem

232 1967 363 2013 quae
407 1950 544 1997 facta
583 1950 753 1998 fuerat
801 1952 1006 2014 quando
1044 1955 1114 1998 sic
1152 1968 1182 1997 a
1219 1951 1431 1998 diacono
1468 1954 1743 1998 recitatum

232 2046 326 2086 est.
398 2040 467 2086 Et
500 2041 750 2103 numquid
784 2040 848 2087 ad
881 2057 990 2086 rem
1023 2044 1268 2103 pertinet,
1302 2043 1406 2086 sive
1440 2042 1744 2102 interposita

230 2132 295 2175 sit
338 2129 402 2175 ad
442 2129 789 2176 recedendum
830 2133 1150 2176 necessitatis
1193 2132 1454 2176 excusatio
1495 2131 1600 2175 sive
1641 2145 1742 2175 non

229 2218 336 2264 sit?
407 2217 542 2264 Nihil
583 2219 646 2265 ab
686 2218 770 2264 illo
819 2218 956 2265 aliud
1004 2225 1337 2281 expectatum
1378 2225 1457 2265 est
1496 2234 1650 2281 quam
1688 2217 1743 2265 id

229 2307 365 2369 quod
395 2323 545 2369 supra
576 2308 810 2354 diximus.
881 2307 1313 2370 Expectationem
1351 2314 1526 2354 autem
1563 2322 1741 2352 eorum

228 2395 410 2458 quibus
453 2399 648 2443 iuratur
691 2399 915 2463 quisquis
959 2397 1240 2459 deceperit,
1277 2413 1378 2444 non
1416 2402 1591 2460 potest
1629 2411 1739 2444 esse

226 2500 327 2529 non
350 2487 595 2546 periurus,

236 2577 330 2624 248
