1866 2964
744 196 836 246 ST.
874 197 1283 246 AUGUSTINE

260 350 468 396 scopum
502 331 660 378 filiurn
689 335 742 377 in
772 330 973 378 Christo
1002 348 1176 378 meum
1205 332 1515 395 benignitati
1545 331 1773 378 caritatis

262 412 549 456 sanctitatis
609 415 751 462 tuae,
812 410 932 470 quia
990 414 1236 470 utrosque
1296 407 1469 471 diligo,
1528 414 1774 470 utrosque

263 485 580 531 commendo.
652 483 833 546 Neque
885 483 1269 530 Fussalensibus
1320 499 1607 538 suscenseo,
1656 484 1777 546 quia

262 564 451 607 iustam
492 560 555 606 de
595 575 678 605 me
719 562 1091 622 querimoniam
1128 562 1373 622 ingerunt
1413 559 1617 605 auribus
1656 560 1778 613 tuis,

266 637 403 700 quod
433 639 503 682 eis
533 635 793 681 hominem
822 635 1050 681 nondum
1077 634 1202 680 mihi
1229 636 1522 697 probatum,
1550 634 1778 681 nondum

267 710 449 757 saltem
471 717 645 756 aetate
667 710 943 765 firmatum,
964 727 991 756 a
1012 727 1112 772 quo
1132 712 1200 756 sic
1219 709 1584 774 affligerentur,
1601 708 1782 764 inflixi,

267 803 436 849 neque
470 785 587 832 huic
621 788 792 831 noceri
826 784 956 841 volo,
991 788 1071 831 cui
1106 792 1299 848 quanto
1333 788 1497 849 magis
1531 788 1780 831 sinceram

267 860 433 907 habeo
463 864 752 915 caritatem,
782 867 930 906 tanto
960 863 1123 924 magis
1152 877 1340 923 pravae
1370 861 1643 924 cupiditati
1673 862 1781 906 eius

269 938 475 982 obsisto.
547 935 768 998 Utrique
821 936 1218 982 misericordiam
1271 943 1568 982 mereantur
1618 942 1783 990 tuam,

268 1012 356 1067 illi,
383 1029 447 1058 ne
474 1011 608 1057 mala
634 1014 916 1074 patiantur,
942 1014 1058 1067 iste,
1085 1028 1149 1058 ne
1176 1010 1349 1068 faciat,
1375 1011 1463 1068 illi,
1489 1028 1555 1058 ne
1581 1011 1784 1058 oderint

270 1087 591 1143 catholicam,
629 1091 668 1134 si
707 1105 735 1133 a
772 1087 1031 1134 catholicis
1070 1091 1317 1151 episcopis
1353 1091 1681 1152 maximeque
1719 1088 1784 1134 ab

270 1168 379 1227 ipsa
413 1165 534 1211 sede
570 1163 846 1226 apostolica
879 1171 1057 1218 contra
1089 1163 1396 1211 catholicum
1428 1182 1531 1211 non
1564 1167 1635 1211 eis
1668 1164 1785 1210 sub-

272 1243 475 1286 venitur
511 1243 822 1302 episcopum,
857 1243 954 1286 iste
992 1247 1185 1296 autem,
1220 1257 1285 1287 ne
1321 1257 1375 1287 se
1410 1247 1559 1287 tanto
1594 1239 1785 1287 scelere

273 1317 579 1379 obstringat,
622 1323 697 1371 ut,
741 1333 866 1379 quos
907 1316 1114 1363 molitur
1155 1320 1339 1363 invitos
1378 1315 1547 1363 facere
1586 1333 1719 1372 suOS,
1758 1333 1787 1362 a

275 1391 476 1438 Christo
501 1390 657 1437 faciat
682 1390 888 1438 alienos.

199 1475 249 1513 10
341 1467 431 1513 Me
465 1483 605 1522 sane,
639 1467 776 1530 quod
808 1467 1157 1514 confitendum
1192 1474 1270 1514 est
1301 1467 1614 1515 beatitudini
1645 1474 1788 1524 tuae,

274 1546 326 1588 in
357 1546 455 1589 isto
488 1550 822 1606 utrorumque
853 1543 1078 1606 periculo
1110 1551 1287 1590 tantus
1319 1547 1472 1591 timor
1504 1551 1558 1590 et
1588 1560 1789 1590 maeror

277 1622 553 1674 excruciat,
586 1626 644 1665 ut
677 1620 740 1665 ab
773 1619 932 1665 officio
965 1623 1188 1683 cogitem
1219 1620 1434 1684 gerendi
1466 1623 1789 1683 episcopatus

277 1695 553 1741 abscedere
583 1702 636 1741 et
663 1711 746 1741 me
774 1694 1012 1742 lamentis
1043 1699 1197 1742 errori
1224 1713 1340 1742 meo
1367 1697 1789 1743 convenientibus

277 1771 485 1825 dedere,
503 1774 542 1816 si
562 1788 654 1833 per
672 1787 789 1817 eum
806 1775 945 1818 cuius
968 1775 1283 1834 episcopatui
1300 1789 1392 1835 per
1407 1772 1789 1835 inprudentiam

277 1845 582 1910 suffragatus
623 1864 733 1892 sum
768 1850 956 1893 vastari
991 1847 1255 1893 ecclesiam
1295 1849 1396 1904 dei,
1431 1855 1485 1894 et
1512 1848 1649 1911 quod
1681 1851 1790 1910 ipse

278 1922 403 1968 deus
435 1928 653 1977 avertat,
685 1925 841 1968 etiam
875 1939 990 1968 cum
1023 1926 1270 1969 vastantis
1303 1923 1591 1986 perditione
1623 1925 1791 1986 perire

278 2012 606 2058 conspexero.
678 1996 924 2043 Recolens
963 2001 1099 2043 enim
1136 1998 1274 2060 quod
1307 2001 1379 2043 ait
1409 1996 1703 2060 apostolus:
1740 1996 1793 2044 Si

278 2078 453 2118 nosmet
482 2071 610 2135 ipsos
639 2071 1018 2128 diiudicaremus,
1049 2090 1078 2118 a
1113 2072 1299 2120 domino
1335 2090 1426 2120 non
1462 2072 1793 2129 iudicaremur,

279 2147 514 2194 iudicabo
547 2164 630 2193 me
655 2151 840 2210 ipsum,
866 2155 924 2195 ut
948 2155 1126 2211 parcat
1150 2147 1273 2194 mihi
1309 2148 1390 2213 qui
1414 2147 1703 2195 iudicaturus
1726 2155 1795 2196 est

281 2222 409 2269 vivos
438 2229 479 2269 et
508 2230 724 2269 mortuos.
795 2223 845 2269 Si
877 2231 1051 2270 autem
1083 2231 1137 2271 et
1165 2225 1397 2271 membra
1426 2223 1631 2280 Christi,
1661 2240 1793 2288 quae

281 2301 333 2343 in
365 2297 449 2343 illa
481 2301 690 2361 regione
725 2306 862 2353 sunt,
896 2299 960 2345 ab
995 2298 1243 2345 exitiabili
1276 2302 1460 2346 timore
1495 2316 1552 2346 ac
1583 2302 1796 2346 tristitia

349 2436 367 2454 ‘²
404 2430 630 2471 Catholica
674 2431 743 2471 for
788 2432 1001 2471 catholica
1046 2433 1224 2473 ecclesia
1268 2435 1304 2474 is
1348 2447 1456 2485 very
1499 2433 1708 2486 frequent
1750 2434 1797 2474 in

291 2486 558 2537 Augustine.
610 2485 692 2525 See
716 2486 1026 2534 Itostmanner,
1048 2488 1073 2503 “
1096 2487 1373 2536 Catholica‚''
1393 2489 1438 2528 in
1461 2487 1800 2540 Geistesfrv‘lchte

290 2554 371 2579 aus
393 2540 471 2579 der
492 2539 793 2588 Klosterzelle,
815 2554 891 2592 pp.
915 2544 1060 2582 74-84.

354 2595 368 2618 ὓ
407 2598 422 2633 1
451 2593 550 2634 Cor.
574 2596 630 2634 xi.
654 2598 723 2635 31.
1215 2603 1229 2620 ⁶
1259 2599 1285 2636 2
1308 2596 1421 2637 Tim.
1445 2597 1501 2637 iv.
1530 2600 1565 2637 1.

299 2647 395 2695 366
