1866 2964
727 169 818 217 ST.
856 169 1265 217 AUGUSTINE

239 303 461 366 denique
502 305 727 366 ipsorum
767 300 1183 365 philosophorum
1223 299 1458 365 garrulae
1500 298 1753 363 argutiae,

239 385 326 445 qui
374 380 455 427 vel
503 382 657 428 deum
702 397 907 444 prorsus
956 398 1059 427 non
1106 385 1457 444 cognoverunt
1503 377 1602 432 vel,
1648 393 1751 423 cum

237 459 557 524 cognovissent
597 459 748 515 deum,
787 476 878 506 non
920 458 1037 506 sicut
1078 458 1212 505 deum
1249 457 1631 523 glorificaverunt
1671 460 1752 501 aut

231 537 418 603 gratias
461 544 667 603 egerunt,
711 537 793 584 sed
836 544 1120 584 evanuerunt
1162 537 1209 584 in
1253 534 1609 600 cogitationibus
1651 532 1751 581 suis

236 623 278 663 et
307 615 600 663 obscuratum
631 622 698 663 est
727 615 952 680 insipiens
981 633 1060 662 cor
1089 633 1244 662 eorum
1275 621 1317 661 et
1345 613 1546 660 dicentes
1575 630 1624 660 se
1653 628 1753 659 esse

238 694 470 758 sapientes
510 693 639 741 stulti
664 692 799 757 facti
838 701 944 741 sunt
983 700 1026 740 et
1062 693 1405 740 inmutaverunt
1438 691 1641 757 gloriam
1680 689 1751 736 in-

236 771 441 836 corrupti
501 772 576 818 dei
637 772 685 818 in
748 771 1095 818 similitudinem
1157 770 1379 835 imaginis
1440 767 1752 833 corruptibilis

236 851 436 898 hominis
470 858 512 897 et
545 851 780 898 volucrum
816 857 858 897 et
892 849 1244 914 quadrupedum
1284 856 1326 896 et
1359 847 1637 913 serpentium
1671 845 1752 894 vel

238 933 324 993 qui
357 933 466 976 istis
501 929 778 975 simulacris
813 946 915 975 non
950 929 1112 975 dediti
1147 936 1237 975 aut
1270 945 1373 974 non
1405 930 1553 973 nimis
1588 926 1751 973 dediti

238 1008 475 1055 coluerunt
519 1015 697 1054 tamen
741 1014 783 1053 et
827 1007 1082 1054 servierunt
1127 1014 1367 1053 creaturae
1405 1005 1564 1070 potius
1609 1021 1750 1069 quam

235 1085 446 1132 creatori.
484 1086 636 1132 Absit
654 1089 858 1132 omnino
877 1093 933 1131 ut
952 1088 1166 1131 istorum
1177 1087 1433 1130 vanitates
1452 1090 1505 1130 et
1521 1085 1749 1129 insaniae

232 1164 525 1220 mendaces,
562 1171 807 1210 ventosae
845 1180 1015 1227 nugae
1055 1180 1112 1209 ac
1149 1163 1398 1225 superbus
1436 1178 1573 1208 error
1607 1167 1750 1207 recte

236 1242 471 1289 liberales
514 1242 720 1289 litterae
764 1246 1093 1288 nominentur
1136 1240 1399 1288 hominum
1442 1239 1634 1286 scilicet
1675 1242 1750 1285 in-

238 1320 484 1376 felicium,
512 1324 598 1384 qui
628 1321 711 1367 dei
737 1324 958 1384 gratiam
985 1337 1076 1383 per
1105 1320 1276 1366 Iesum
1304 1318 1563 1365 Christum
1590 1319 1749 1364 domi-

240 1417 362 1445 num
391 1406 641 1455 nostrum,
667 1416 767 1462 qua
798 1398 903 1445 sola
932 1398 1208 1445 liberamur
1238 1398 1302 1444 de
1332 1413 1541 1460 corpore
1570 1399 1748 1443 mortis

236 1477 403 1534 huius,
440 1495 541 1523 non
578 1484 929 1541 cognoverunt
971 1494 1066 1523 nec
1102 1480 1154 1522 in
1192 1479 1262 1522 eis
1299 1479 1419 1538 ipsis
1459 1492 1591 1539 quae
1628 1491 1749 1521 vera

233 1563 520 1602 senserunt.
602 1556 830 1602 Historia
882 1572 1023 1611 sane,
1076 1558 1217 1601 cuius
1269 1557 1540 1617 scriptores
1593 1553 1747 1600 fidem

235 1651 288 1680 se
331 1637 606 1697 praecipue
644 1635 1020 1680 narrationibus
1058 1636 1159 1679 suis
1197 1633 1386 1679 debere
1423 1631 1750 1695 profitentur,

232 1712 459 1759 fortassis
476 1711 667 1758 habeat
685 1711 876 1775 aliquid
892 1715 1183 1775 cognitione
1201 1711 1413 1775 dignum
1427 1709 1617 1765 liberis,
1632 1726 1747 1756 cum

237 1794 341 1836 sive
368 1791 501 1836 bona
529 1793 631 1835 sive
658 1789 793 1836 mala
818 1789 1081 1836 hominum
1107 1797 1284 1835 tamen
1313 1805 1433 1835 vera
1461 1795 1748 1834 narrantur.

236 1869 479 1926 Quamvis
505 1871 556 1913 in
588 1871 659 1914 eis
693 1868 1075 1933 cognoscendis,
1101 1870 1186 1930 qui
1220 1873 1396 1913 sancto
1428 1869 1610 1929 spiritu
1646 1882 1747 1912 non

235 1948 395 1993 adiuti
413 1954 531 1993 sunt
548 1963 879 2009 rumoresque
897 1945 1134 2010 colligere
1146 1949 1254 2008 ipsa
1270 1944 1525 1991 humanae
1541 1943 1748 1989 infirmi-

235 2028 358 2071 tatis
401 2025 696 2071 condicione
745 2023 991 2087 compulsi
1038 2031 1175 2079 sunt,
1218 2039 1372 2086 quem
1424 2023 1489 2070 ad
1537 2022 1746 2069 modum

235 2120 335 2149 non
368 2101 669 2149 fallerentur
693 2106 744 2148 in
769 2102 1015 2165 plurimis,
1041 2105 1245 2148 omnino
1282 2118 1384 2147 non
1420 2101 1583 2147 video.
1652 2100 1747 2147 Est

234 2188 410 2226 tamen
441 2180 610 2244 aliqua
638 2184 691 2226 in
721 2183 792 2227 eis
821 2183 1175 2243 propinquitas
1204 2179 1475 2234 libertatis,
1504 2181 1545 2224 si
1573 2177 1748 2224 volun-

232 2266 397 2305 tatem
419 2259 704 2305 mentiendi
725 2275 826 2304 non
847 2257 1042 2304 habent
1063 2274 1157 2304 nec
1177 2256 1408 2303 homines
1428 2255 1631 2312 fallunt,
1651 2259 1745 2303 nisi

233 2354 348 2384 cum
375 2338 437 2382 ab
463 2336 751 2383 hominibus
775 2336 999 2382 humana
1022 2336 1322 2382 infirmitate
1345 2334 1607 2381 falluntur.

366 2514 382 2531 ‘¹
419 2508 548 2549 Rom.
573 2510 599 2548 i.
623 2511 769 2549 21-23.
1264 2509 1279 2533 ὸ
1314 2508 1444 2548 Rom.
1468 2508 1495 2547 i.
1518 2510 1587 2548 25.

761 2570 774 2587 ⁶
810 2563 938 2604 Rom.
963 2565 1034 2604 vii.
1058 2565 1205 2604 24-25.

247 2634 337 2681 192
