1866 2964
778 210 870 258 ST.
908 209 1318 257 AUGUSTINE

286 347 583 391 institutum
612 350 766 399 esset,
795 346 987 406 aperui.
1057 343 1128 390 Et
1155 345 1196 389 si
1222 345 1358 389 intra
1385 358 1575 388 annum
1600 356 1807 388 causam

288 447 450 485 suam,
479 433 519 476 si
547 428 681 475 forte
710 429 804 475 sibi
833 428 1025 492 aliquid
1053 428 1311 492 agendum
1337 434 1509 491 putat,
1538 443 1692 491 agere
1719 442 1808 472 ne-

286 514 526 580 glexerit,
570 515 811 577 deinceps
858 517 964 560 eius
1009 531 1186 561 vocem
1230 530 1382 560 nemo
1427 513 1618 560 audiat.
1702 510 1806 558 Nos

288 608 482 657 autem,
502 601 707 648 domine
726 601 1021 647 beatissime
1040 607 1094 646 et
1109 597 1471 646 venerabiliter
1486 597 1806 661 suscipiende

288 694 455 749 pater,
476 690 515 733 si
534 685 662 733 haec
681 686 868 733 indicia
887 684 1053 732 malae
1074 687 1472 732 conversationis
1492 684 1806 739 clericorum,

289 775 513 819 maxime
548 789 663 818 cum
697 770 836 817 fama
869 789 971 818 non
1004 772 1140 818 bona
1175 788 1259 818 eos
1295 773 1524 833 coeperit
1556 771 1806 824 comitari,

290 875 392 905 non
432 861 785 921 putaverimus
827 860 922 904 nisi
968 874 1027 904 eo
1069 857 1221 904 modo
1263 856 1568 903 vindicanda
1611 873 1711 919 quo
1754 858 1806 901 in

290 942 500 990 concilio
526 946 866 990 constitutum
891 950 987 999 est,
1010 945 1278 1005 incipimus
1309 944 1423 1006 cogi
1454 958 1515 988 ea
1539 958 1672 1005 quae
1695 943 1809 988 sciri

288 1046 390 1075 non
420 1035 653 1092 possunt,
678 1028 808 1075 velle
841 1029 1096 1075 discutere
1128 1035 1182 1074 et
1215 1034 1305 1074 aut
1334 1030 1533 1074 incerta
1563 1027 1808 1073 damnare

291 1121 381 1160 aut
423 1130 542 1160 vere
585 1116 848 1177 incognita
889 1115 1187 1176 praeterire.
1257 1113 1370 1177 Ego
1413 1119 1554 1159 certe
1596 1112 1808 1176 presby-

288 1206 479 1254 terum,
521 1205 580 1245 ut
621 1201 707 1263 qui
748 1199 831 1245 die
870 1201 1064 1253 ieiunii,
1102 1215 1202 1261 quo
1245 1198 1474 1245 eiusdem
1513 1196 1609 1244 loci
1650 1201 1807 1244 etiam

292 1283 505 1330 ecclesia
532 1285 816 1341 ieiunabat,
841 1282 869 1300 “
893 1283 1005 1331 vale
1030 1282 1059 1299 '’
1084 1283 1276 1330 faciens
1306 1283 1533 1347 collegae
1563 1300 1654 1330 suo
1679 1286 1810 1330 eius-

289 1369 407 1416 dem
432 1367 528 1415 loci
553 1370 857 1433 presbytero
884 1370 1021 1432 apud
1046 1367 1295 1416 famosam
1319 1368 1588 1415 mulierem
1613 1367 1808 1415 nullum

289 1471 463 1501 secum
509 1454 749 1501 clericum
795 1454 990 1502 habens
1036 1471 1304 1502 remanere
1353 1461 1407 1501 et
1451 1455 1706 1518 prandere
1754 1460 1808 1501 et

290 1556 473 1586 cenare
505 1556 656 1586 ausus
688 1547 767 1587 est
797 1547 851 1587 et
879 1543 932 1586 in
961 1557 1063 1587 una
1093 1541 1244 1587 domo
1274 1541 1513 1597 dormire,
1541 1556 1807 1587 removen-

290 1626 412 1673 dum
447 1626 510 1672 ab
544 1625 705 1672 officio
738 1627 1047 1690 presbyterii
1081 1627 1358 1673 arbitratus
1392 1643 1504 1673 sum
1537 1629 1725 1673 timens
1761 1628 1807 1672 ei

290 1712 531 1773 deinceps
571 1710 837 1757 ecclesiam
875 1712 958 1758 dei
995 1715 1336 1758 committere.
1408 1711 1559 1770 Quod
1596 1714 1636 1758 si
1673 1710 1807 1758 forte

290 1797 539 1843 iudicibus
584 1795 936 1844 ecclesiasticis
981 1797 1118 1844 aliud
1160 1798 1381 1853 videtur,
1419 1800 1539 1860 quia
1574 1813 1664 1843 sex
1702 1800 1807 1860 epi-

290 1885 452 1945 scopis
471 1898 676 1928 causam
702 1883 991 1946 presbyteri
1017 1887 1294 1930 terminare
1315 1882 1525 1930 concilio
1550 1889 1806 1930 statutum

290 1975 387 2023 est,
427 1971 721 2014 committat
759 1967 847 2023 illi,
889 1972 975 2031 qui
1016 1968 1142 2024 vult,
1184 1969 1449 2016 ecclesiam
1491 1985 1613 2015 suae
1654 1985 1805 2015 curae

289 2056 609 2100 commissam
635 2068 645 2108 3
699 2070 794 2117 ego
826 2053 1034 2110 talibus,
1066 2053 1250 2110 fateor,
1284 2054 1568 2117 quamlibet
1600 2053 1806 2117 plebem

289 2142 612 2185 committere
643 2142 819 2195 timeo,
848 2143 1151 2201 praesertim
1183 2156 1308 2203 quos
1338 2139 1475 2186 nulla
1504 2141 1639 2187 bona
1667 2138 1806 2186 fama

290 2222 542 2279 defendit,
577 2231 635 2271 ut
667 2223 762 2271 hoc
798 2228 869 2271 eis
903 2229 1063 2288 possit
1097 2229 1307 2289 ignosci,
1342 2242 1425 2281 ne,
1460 2229 1500 2272 si
1535 2226 1658 2289 quid
1690 2242 1805 2289 per-

291 2313 525 2357 niciosius
552 2314 795 2374 eruperit,
819 2310 1068 2375 languens
1093 2315 1327 2374 inputem
1351 2311 1490 2358 mihi.

306 2646 397 2695 126
