1866 2964
754 221 844 268 ST.
883 219 1290 268 AUGUSTINE

267 358 399 402 sicut
422 357 667 417 scriptum
692 361 772 400 est
795 370 806 400 t
849 351 960 400 Non
983 351 1267 400 declinantes
1288 368 1435 416 neque
1457 350 1520 397 ad
1541 350 1776 397 dexteram

267 439 414 488 neque
430 422 492 469 ad
507 421 761 469 sinistram.
830 420 960 467 Sunt
978 424 1132 477 enim,
1149 423 1253 483 qui,
1269 420 1392 467 dum
1407 422 1555 466 nimis
1571 422 1778 474 timent,

268 508 333 537 ne
364 494 509 554 quasi
536 493 589 536 in
619 490 889 537 dexteram
917 493 1053 552 rapti
1083 487 1413 543 extollantur,
1440 491 1494 533 in
1521 490 1778 534 sinistram

267 558 395 622 lapsi
421 559 810 622 demerguntur,
837 565 890 604 et
915 564 1035 604 sunt
1058 573 1247 612 rursus,
1273 559 1378 619 qui,
1402 556 1524 602 dum
1548 557 1697 601 nimis
1722 570 1777 600 se

269 625 511 673 auferunt
551 643 580 671 a
625 629 846 681 sinistra,
890 642 955 671 ne
1001 625 1204 688 torpida
1243 626 1520 670 vacationis
1563 621 1781 669 mollitia

269 695 591 750 sorbeantur,
618 710 680 740 ex
712 693 874 740 altera
903 700 1051 756 parte
1079 695 1359 739 iactantiae
1387 690 1526 738 fastu
1554 692 1779 753 corrupti

273 769 431 826 atque
468 764 757 824 consumpti
791 764 845 807 in
880 760 1079 807 furnum
1115 759 1443 823 favillamque
1479 765 1777 806 vanescunt.

269 829 350 877 Sic
380 846 520 894 ergo,
548 828 881 884 dilectissimi,
909 828 1108 894 diligite
1136 832 1317 884 otium,
1345 834 1405 874 ut
1433 844 1520 874 vos
1549 828 1614 874 ab
1642 828 1781 873 omni

268 905 475 945 terrena
495 896 841 945 delectatione
861 895 1132 943 refrenetis
1155 903 1210 943 et
1228 898 1565 942 memineritis
1584 893 1781 941 nullum

269 966 437 1013 locum
460 982 589 1021 esse,
609 966 697 1012 ubi
717 982 820 1011 non
838 968 999 1027 possit
1017 964 1228 1028 laqueos
1249 964 1485 1020 tendere,
1505 966 1592 1026 qui
1611 966 1783 1017 timet,

270 1050 334 1080 ne
351 1032 637 1080 revolemus
658 1034 723 1080 ad
739 1034 910 1089 deum,
923 1040 975 1080 et
990 1036 1251 1079 inimicum
1271 1035 1498 1079 omnium
1512 1032 1781 1086 bonorum,

271 1105 412 1148 cuius
466 1104 654 1164 captivi
706 1099 912 1157 fuimus,
964 1101 1266 1156 iudicemus,
1318 1099 1614 1163 nullamque
1668 1114 1779 1145 esse

271 1170 415 1216 nobis
463 1168 750 1232 perfectam
797 1171 1029 1232 requiem
1077 1171 1334 1232 cogitetis,
1381 1167 1526 1215 donec
1572 1172 1780 1214 transeat

274 1237 500 1301 iniquitas
523 1244 564 1283 et
587 1237 634 1283 in
657 1236 878 1283 iudicium
901 1235 1078 1283 iustitia
1103 1242 1407 1283 convertatur.

222 1313 247 1353 3
337 1306 473 1352 Item
514 1322 630 1351 cum
673 1304 865 1368 aliquid
906 1312 1114 1351 strenue
1159 1311 1315 1367 atque
1354 1303 1589 1350 alacriter
1631 1304 1782 1366 agitis

272 1380 326 1420 et
342 1376 542 1437 inpigre
569 1376 850 1435 operamini
868 1376 971 1419 sive
990 1376 1042 1418 in
1060 1373 1374 1419 orationibus
1392 1375 1496 1418 sive
1513 1374 1567 1417 in
1582 1373 1782 1417 ieiuniis

272 1444 376 1487 sive
398 1444 451 1487 in
475 1440 780 1504 elemosynis
804 1439 885 1486 vel
906 1441 1195 1487 tribuentes
1220 1439 1411 1503 aliquid
1431 1439 1782 1503 indigentibus

271 1508 350 1556 ve]
387 1508 613 1555 donantes
646 1512 873 1564 iniurias,
908 1508 1027 1555 sicut
1061 1515 1103 1554 et
1137 1507 1251 1555 deus
1286 1507 1335 1554 in
1375 1506 1559 1555 Christo
1594 1505 1784 1554 donavit

270 1575 417 1632 nobis,
438 1580 542 1623 sive
569 1577 870 1623 edomantes
894 1579 1201 1639 perniciosas
1226 1575 1622 1622 consuetudines
1645 1573 1785 1621 casti-

267 1651 526 1708 gantesque
553 1661 721 1708 corpus
750 1652 792 1691 et
819 1643 1027 1690 servituti
1055 1643 1327 1691 subicientes
1351 1647 1455 1690 sive
1480 1642 1783 1690 sufferentes

271 1712 657 1759 tribulationem
701 1719 754 1758 et
801 1719 923 1758 ante
964 1715 1135 1758 omnia
1174 1729 1261 1758 vos
1300 1715 1435 1774 ipsos
1474 1714 1692 1757 invicem
1731 1713 1784 1756 in

272 1780 792 1843 dilectionem—quid
839 1783 974 1826 enim
1020 1779 1248 1835 sufferat,
1291 1783 1378 1843 qui
1422 1778 1636 1826 fratrem
1682 1795 1783 1825 non

273 1847 450 1894 suffert
473 1849 664 1894 ?—sive
698 1851 1067 1910 prospicientes
1104 1851 1347 1894 astutiam
1384 1854 1541 1910 atque
1575 1847 1783 1894 insidias

271 1919 600 1979 temptatoris
627 1923 680 1963 et
703 1922 831 1962 scuto
839 1915 965 1979 fidei
988 1915 1145 1963 iacula
1171 1919 1278 1962 eius
1301 1914 1451 1979 ignita
1474 1913 1785 1977 repellentes

275 1991 329 2030 et
363 1984 679 2048 extinguentes
714 1988 817 2030 sive
853 1990 1092 2030 cantantes
1126 1989 1168 2030 et
1196 1983 1453 2047 psallentes
1486 1982 1535 2029 in
1570 1981 1784 2030 cordibus

272 2052 438 2099 vestris
459 2051 644 2098 domino
666 2051 745 2097 vel
767 2053 971 2098 vocibus
995 2069 1023 2097 a
1045 2052 1196 2098 corde
1218 2068 1320 2098 non
1342 2051 1554 2098 dissonis
1579 2067 1590 2096 ε
1629 2049 1785 2097 omnia

274 2120 322 2166 in
361 2119 563 2183 gloriam
600 2119 673 2165 dei
695 2117 870 2182 facite,
910 2119 989 2183 qui
1025 2125 1242 2182 operatur
1283 2118 1437 2164 omnia
1472 2118 1520 2164 in
1556 2116 1784 2172 omnibus,

275 2195 432 2251 atque
454 2191 528 2234 ita
544 2185 790 2250 ferventes
816 2187 1000 2251 spiritu,
1022 2195 1080 2234 ut
1103 2187 1151 2233 in
1172 2186 1357 2234 domino
1387 2185 1601 2233 laudetur
1625 2185 1783 2232 anima

273 2263 441 2302 vestra.
512 2256 630 2320 Ipsa
657 2263 735 2302 est
762 2259 897 2302 enim
919 2258 1051 2301 actio
1076 2258 1204 2301 recti
1229 2258 1443 2310 itineris,
1469 2270 1601 2317 quae
1627 2253 1784 2300 oeulos

653 2443 670 2461 ‘²
704 2437 835 2478 Deut.
858 2439 960 2479 xvii.
988 2441 1033 2477 11
1058 2453 1069 2484 3
1104 2437 1231 2478 Prov.
1255 2439 1311 2478 iv.
1333 2439 1403 2478 27.

282 2493 298 2517 ὸ
333 2493 402 2534 Ps.
426 2493 498 2534 lvi.
522 2495 574 2537 Ως
607 2494 721 2533 xciii.
751 2496 814 2533 15.
945 2498 959 2516 ⁶
992 2492 1108 2544 Eph.
1132 2494 1188 2533 iv.
1211 2494 1280 2533 32.
1411 2491 1430 2516 α
1465 2495 1482 2531 1
1511 2490 1610 2532 Cor.
1633 2492 1689 2532 ix.
1712 2493 1782 2532 27.

337 2555 351 2572 ⁸
384 2548 499 2600 Eph.
523 2549 578 2587 vi.
607 2550 671 2588 16.
859 2548 877 2575 s
908 2546 1023 2599 Eph.
1046 2561 1086 2587 v.
1116 2550 1179 2587 19.
1371 2551 1388 2574 ⁰
1425 2550 1441 2586 1
1469 2545 1568 2586 Cor.
1591 2560 1632 2586 x.
1655 2548 1724 2586 31.

335 2602 355 2626 '²
391 2607 405 2642 1
435 2602 534 2643 Cor.
557 2604 629 2642 xii.
654 2605 692 2642 6.
849 2602 860 2626 ί
895 2601 1024 2642 Rom.
1047 2603 1120 2642 xii.
1148 2605 1212 2642 11.
1374 2600 1387 2628 5
1419 2600 1489 2641 Ps.
1512 2602 1659 2641 xxxiii.
1681 2603 1722 2641 3.

289 2674 381 2714 114
