1866 2964
751 180 842 228 ST.
880 181 1290 229 AUGUSTINE

265 329 510 368 essemus,
545 311 958 359 exhortationem
991 312 1514 360 benivolentissimam
1546 317 1776 371 mittere,

263 388 322 427 ut
348 384 638 427 instruente
666 379 959 427 humilitate
987 388 1162 428 nostra
1188 398 1281 444 per
1306 381 1597 446 religiosam
1625 383 1777 429 oboe-

264 449 513 496 dientiam
547 455 692 495 tuam
727 449 979 504 dominus,
1013 452 1154 496 cuius
1189 466 1402 496 munere
1437 449 1554 496 talis
1589 466 1661 506 es,
1697 466 1777 497 ee-

264 516 447 563 clesiae
487 533 609 562 suae
647 519 749 562 iam
786 519 993 580 iamque
1031 518 1320 573 subveniat,
1360 521 1553 565 maiore
1591 517 1777 565 fiducia

262 586 357 631 tibi
386 585 668 641 scribimus,
697 585 902 631 domine
933 588 1118 631 eximie
1149 592 1203 631 et
1230 588 1416 632 merito
1443 589 1777 649 praestantis-

263 656 388 699 sime
411 652 736 715 multumque
759 656 813 698 in
836 651 1023 699 Christi
1047 656 1263 700 caritate
1287 651 1583 701 honorande
1608 653 1693 700 fili.

211 731 235 768 2
324 721 393 767 Et
409 719 593 767 fratres
612 721 820 783 quidem
835 720 985 767 multi
1001 724 1164 767 sancti
1183 720 1410 785 collegae
1427 724 1530 768 mei
1549 724 1775 785 graviter

264 788 475 835 ecclesia
503 789 808 851 perturbata
834 787 1052 851 profecti
1080 796 1200 835 sunt
1225 805 1393 851 paene
1420 787 1681 853 fugientes
1710 790 1775 837 ad

262 856 676 919 gloriosissimum
700 859 1022 912 comitatum,
1047 874 1172 920 quos
1198 860 1302 904 sive
1326 860 1429 904 iam
1457 857 1643 904 videris
1668 860 1773 904 sive

260 924 460 971 litteras
501 941 676 971 eorum
716 925 780 972 ab
819 925 945 971 urbe
984 924 1147 971 Roma
1184 928 1572 988 opportunitate
1611 928 1776 972 cuius-

262 1010 417 1056 quam
450 995 724 1039 occasionis
758 996 1032 1056 acceperis,
1067 1009 1163 1056 ego
1197 1000 1394 1048 tamen,
1425 992 1547 1040 licet
1578 992 1775 1040 nullum

261 1059 525 1107 consilium
553 1077 669 1107 cum
698 1063 768 1107 eis
797 1063 1170 1107 communicare
1197 1064 1472 1124 potuerim,
1499 1077 1602 1108 non
1627 1064 1773 1123 potui

261 1132 679 1191 praetermittere
708 1145 801 1191 per
828 1127 963 1175 hunc
991 1127 1204 1175 fratrem
1234 1136 1288 1175 et
1316 1129 1774 1192 conpresbyterum

261 1213 453 1253 meum,
491 1200 578 1260 qui
615 1199 821 1260 urgenti
857 1200 1168 1244 necessitate
1205 1213 1297 1260 pro
1334 1196 1500 1244 salute
1537 1200 1657 1244 ciw's
1695 1199 1772 1244 sui

262 1268 420 1311 etiam
449 1265 621 1312 media
651 1263 820 1311 hieme
853 1265 1330 1328 quomodocumque
1363 1265 1428 1312 ad
1457 1263 1567 1312 illas
1597 1271 1773 1328 partes

260 1336 433 1379 venire
457 1332 744 1396 compulsus
769 1339 866 1389 est,
890 1340 944 1379 et
966 1331 1190 1379 salutare
1215 1340 1269 1379 et
1293 1333 1568 1380 admonere
1592 1336 1773 1379 carita-

260 1408 368 1448 tem
388 1408 551 1457 tuam,
572 1418 726 1464 quam
744 1399 904 1447 habes
923 1404 975 1447 in
995 1400 1197 1448 Christo
1218 1400 1336 1448 Iesu
1357 1401 1561 1448 domino
1580 1408 1773 1457 nostro,

261 1477 320 1516 ut
354 1486 480 1532 opus
515 1477 664 1516 tuum
698 1470 890 1516 bonum
925 1468 1316 1533 diligentissima
1351 1468 1666 1516 acceleretur
1699 1471 1774 1515 in-

258 1541 467 1593 stantia,
487 1554 587 1601 quo
612 1540 848 1584 noverint
871 1540 1062 1583 inimici
1081 1536 1324 1583 ecclesiae
1342 1536 1484 1601 leges
1503 1536 1613 1583 illas
1632 1553 1765 1601 quae

259 1606 323 1652 de
352 1604 497 1652 idolis
526 1603 904 1668 confringendis
935 1612 989 1652 et
1017 1603 1288 1652 haereticis
1318 1605 1628 1669 corrigendis
1657 1607 1769 1651 vivo

259 1672 536 1721 Stilichone
580 1677 634 1719 in
679 1672 907 1720 Africam
952 1676 1136 1719 missae
1183 1679 1321 1729 sunt,
1367 1672 1633 1720 voluntate
1678 1675 1771 1719 im-

257 1744 507 1804 peratoris
557 1744 769 1804 piissimi
822 1748 875 1787 et
928 1740 1205 1787 fidelissimi
1256 1744 1563 1788 constitutas
1587 1756 1598 1796 3
1669 1757 1769 1804 quo

257 1813 521 1856 nesciente
569 1808 650 1855 vel
696 1808 905 1856 nolente
953 1807 1149 1855 factum
1196 1811 1301 1855 sive
1353 1808 1525 1856 dolose
1573 1811 1770 1855 iactant

258 1881 362 1924 sive
395 1877 617 1925 libenter
650 1884 840 1940 putant
875 1883 1032 1940 atque
1065 1875 1181 1923 hinc
1207 1879 1400 1923 animos
1433 1879 1769 1939 inperitorum

257 1944 722 1992 turbulentissimos
780 1945 1005 1992 reddunt
1063 1945 1312 2008 nobisque
1369 1943 1652 2008 periculose
1712 1961 1770 1991 ac

257 2012 593 2060 vehementer
614 2012 844 2060 infestos.

210 2089 233 2127 3
323 2082 435 2129 Hoc
455 2089 631 2128 autem
657 2081 794 2144 quod
817 2081 1044 2144 petendo
1065 2079 1145 2127 vel
1170 2079 1493 2144 suggerendo
1515 2080 1766 2127 admoneo

258 2153 628 2212 praestantiam
653 2156 817 2205 tuam,
841 2166 943 2195 non
968 2149 1148 2196 dubito
1174 2151 1401 2195 omnium
1424 2164 1517 2212 per
1541 2146 1767 2194 Africam

322 2296 339 2313 ‘²
373 2289 573 2338 Stilicho,
618 2303 698 2330 son
743 2290 794 2329 of
833 2303 859 2329 a
904 2287 1084 2328 Vandal
1126 2289 1322 2340 captain,
1367 2287 1550 2329 became
1593 2302 1678 2329 one
1721 2288 1774 2329 of

263 2344 540 2385 Theodosius
585 2343 660 2384 I.’s
705 2348 821 2384 most
862 2342 1189 2395 distinguished
1231 2342 1450 2396 generals,
1493 2342 1583 2383 and
1627 2342 1770 2383 under

265 2399 492 2439 Honorius
522 2411 611 2438 was
641 2398 717 2439 the
745 2397 908 2439 virtual
938 2397 1054 2438 ruler
1083 2399 1135 2438 of
1159 2397 1234 2438 the
1264 2398 1400 2438 &Vesh
1461 2397 1532 2438 He
1562 2396 1767 2438 defeated

263 2453 415 2493 Alaric
444 2452 534 2493 and
568 2452 866 2505 Radagaisus‚
898 2452 980 2493 but
1010 2465 1100 2492 was
1130 2450 1429 2492 assassinated
1460 2453 1504 2491 in
1536 2454 1634 2492 408.
1697 2451 1767 2492 He

262 2522 353 2548 was
377 2507 452 2548 the
476 2512 636 2560 patron
662 2509 712 2547 of
731 2507 806 2548 the
830 2511 934 2559 poet
959 2505 1195 2554 Claudiam
1220 2505 1320 2547 who
1345 2504 1578 2548 dedicated
1602 2510 1648 2547 to
1674 2505 1766 2548 him

263 2562 339 2603 the
363 2564 608 2615 panegyric
628 2562 694 2603 De
721 2560 967 2604 Consulatu
990 2561 1264 2604 Stilichonis.

274 2632 366 2677 172
