1866 2964
788 175 878 222 ST.
917 171 1324 221 AUGUSTINE

301 315 389 376 qui
412 310 600 375 populo
623 312 882 355 ministrat
905 311 1283 353 sacramentum
1310 310 1364 350 et
1387 303 1600 349 verbum
1626 301 1728 356 dei,
1752 306 1812 346 ut

302 389 403 431 iam
439 382 564 429 mihi
599 398 701 428 non
735 380 889 426 liceat
925 379 1155 441 adsequi,
1191 377 1328 440 quod
1362 392 1446 422 me
1481 392 1584 421 non
1619 373 1811 420 habere

305 459 536 521 cognovi,
562 456 707 501 iubes
737 471 876 517 ergo,
904 459 960 498 ut
988 467 1217 514 peream,
1243 456 1393 512 pater
1429 448 1639 494 Valeri?
1705 447 1812 499 Ubi

307 537 385 576 est
427 532 611 575 caritas
653 527 785 572 tua?
854 525 1007 571 Certe
1050 522 1216 586 diligis
1258 522 1383 568 me?
1452 521 1605 568 Certe
1648 519 1814 583 diligis

305 606 469 665 ipsam
498 599 781 654 ecclesiam,
808 601 888 644 cui
914 613 997 642 me
1025 599 1094 641 sic
1120 598 1408 641 ministrare
1435 593 1638 640 voluisti
1660 594 1678 639 ?
1744 593 1815 638 Et

307 682 485 721 tamen
509 679 679 719 certus
705 687 834 725 sum,
860 669 997 731 quod
1022 675 1074 714 et
1100 684 1182 713 me
1210 674 1263 714 et
1286 671 1449 730 ipsam
1474 665 1655 730 diligis.
1715 664 1817 712 Sed

308 754 460 810 putas
486 761 569 791 me
595 745 854 796 idoneum,
881 758 996 787 cum
1024 757 1119 803 ego
1145 739 1325 786 melius
1351 757 1434 786 me
1460 742 1705 794 noverim,
1731 741 1815 801 qui

309 827 487 866 tamen
503 834 597 863 nec
613 820 720 879 ipse
737 832 820 861 me
837 830 1057 869 nossem,
1073 816 1167 859 nisi
1185 814 1496 875 experiendo
1513 813 1816 860 didicissem.

262 904 290 940 4
377 891 478 937 Sed
501 890 623 936 dicit
646 887 862 935 fortasse
886 889 1131 932 sanctitas
1154 893 1245 932 tua
1270 902 1279 931 :
1322 885 1505 932 vellem
1529 889 1674 941 scire,
1697 885 1821 948 quid

312 965 445 1011 desit
475 964 797 1009 instructioni
828 967 967 1006 tuae.
1035 959 1162 1004 Tam
1193 958 1357 1005 multa
1388 966 1561 1005 autem
1595 965 1732 1014 sunt,
1763 963 1821 1003 ut

311 1036 507 1082 facilius
531 1038 719 1098 possim
750 1048 1050 1079 enumerare
1082 1048 1214 1094 quae
1244 1031 1482 1088 habeam,
1508 1049 1661 1095 quam
1687 1045 1820 1094 quae

312 1109 503 1155 habere
532 1107 782 1154 desidero.
852 1105 1113 1151 Auderem
1143 1108 1279 1150 enim
1307 1105 1475 1151 dicere
1504 1108 1630 1151 scire
1656 1120 1740 1150 me
1770 1109 1824 1148 et

314 1181 467 1246 plena
506 1180 605 1227 fide
641 1182 885 1234 retinere,
922 1178 1045 1240 quid
1082 1181 1344 1239 pertineat
1380 1178 1445 1224 ad
1481 1177 1701 1224 salutem
1736 1193 1825 1222 no-

316 1262 491 1301 stram.
561 1251 663 1299 Sed
686 1251 782 1297 hoc
806 1254 973 1314 ipsum
999 1267 1098 1312 quo
1123 1250 1275 1297 modo
1300 1254 1585 1297 ministrem
1613 1250 1677 1297 ad
1695 1248 1827 1296 salu-

317 1334 425 1373 tem
452 1325 663 1372 aliorum
688 1342 779 1371 non
804 1339 1050 1388 quaerenS,
1075 1322 1199 1387 quod
1222 1323 1335 1369 mihi
1358 1323 1469 1370 utile
1491 1330 1575 1380 est,
1599 1322 1681 1370 sed
1704 1319 1828 1386 quod

317 1398 492 1454 multis,
519 1404 568 1444 ut
594 1396 715 1444 salvi
727 1396 860 1460 fiant
882 1397 900 1442 ?
969 1396 1037 1441 Et
1066 1403 1185 1442 sunt
1212 1395 1429 1443 fortasse
1459 1396 1645 1460 aliqua,
1671 1399 1827 1441 immo

320 1489 421 1519 non
453 1478 533 1517 est
563 1470 904 1517 dubitandum
937 1485 1047 1514 esse
1077 1471 1130 1514 in
1160 1473 1347 1516 sanctis
1376 1469 1515 1516 libris
1545 1471 1831 1530 conscripta

319 1542 545 1599 consilia,
577 1543 760 1606 quibus
792 1544 1008 1605 cognitis
1041 1548 1095 1587 et
1127 1541 1458 1604 adprehensis
1488 1545 1649 1605 possit
1678 1540 1831 1587 homo

321 1617 404 1664 dei
434 1617 586 1662 rebus
617 1614 970 1661 ecclesiasticis
1001 1615 1393 1662 ordinatioribus
1423 1618 1711 1662 ministrare
1743 1619 1833 1660 aut

323 1697 463 1736 certe
498 1692 634 1734 inter
666 1705 847 1733 manus
881 1690 1171 1750 iniquorum
1205 1687 1286 1734 vel
1319 1692 1488 1734 vivere
1523 1690 1834 1735 conscientia

324 1765 522 1808 saniore
556 1760 635 1806 vel
665 1764 811 1815 mori,
842 1767 901 1806 ut
930 1759 1015 1805 illa
1046 1763 1152 1806 vita
1183 1778 1285 1807 non
1317 1764 1605 1817 amittatur,
1635 1763 1716 1807 cui
1747 1762 1834 1806 uni

321 1830 596 1878 christiana
616 1829 767 1875 corda
786 1827 995 1874 humilia
1015 1836 1069 1874 et
1097 1837 1369 1876 mansueta
1393 1833 1664 1892 suspirant.
1720 1828 1835 1887 Quo

324 1903 476 1950 modo
508 1909 683 1948 autem
714 1900 809 1947 hoc
841 1900 949 1946 fieri
979 1908 1171 1963 potest,
1202 1905 1314 1958 nisi,
1345 1919 1500 1965 quem
1532 1903 1597 1950 ad
1626 1902 1835 1949 modum

326 1979 434 2038 ipse
467 1975 700 2021 dominus
732 1974 873 2029 dicit,
903 1974 1131 2035 petendo
1162 1975 1457 2038 quaerendo
1487 1975 1755 2038 pulsando,
1784 1973 1837 2020 id

328 2055 407 2094 est
433 2046 624 2093 orando
649 2045 871 2110 legendo
897 2045 1189 2109 plangendo
1213 2047 1230 2092 ἓ
1299 2048 1383 2094 Ad
1409 2048 1546 2111 quod
1571 2050 1837 2111 negotium

328 2118 452 2166 mihi
488 2136 700 2182 parvum
736 2126 942 2180 tempus
978 2118 1121 2165 velut
1157 2136 1318 2182 usque
1356 2121 1421 2167 ad
1455 2119 1645 2183 pascha
1679 2123 1839 2182 impe-

328 2197 466 2236 trare
487 2189 622 2236 volui
642 2207 734 2253 per
755 2189 940 2236 fratres
964 2207 993 2235 a
1015 2197 1106 2236 tua
1127 2194 1463 2238 sincerissima
1487 2200 1540 2240 et
1563 2190 1837 2239 venerabili

330 2265 546 2308 caritate
573 2269 626 2308 et
650 2279 784 2308 nunc
807 2278 899 2325 per
923 2260 1013 2309 has
1037 2279 1214 2325 preces
1238 2263 1366 2310 volo.
1628 2271 1631 2274 ’

283 2344 307 2380 5
398 2334 535 2392 Quid
564 2337 700 2381 enirn
729 2351 1061 2396 responsurus
1090 2353 1201 2381 sum
1231 2336 1436 2383 domino
1464 2337 1658 2384 iudici?
1727 2336 1842 2384 Non

899 2503 917 2520 ⁰
952 2501 968 2537 1
997 2497 1095 2538 Cor.
1119 2513 1158 2538 x.
1182 2502 1251 2539 33.

659 2552 673 2575 ⁶
710 2552 841 2593 Matt.
864 2554 936 2592 vii.
962 2555 1064 2599 7-8;
1101 2553 1229 2594 Luke
1250 2556 1305 2594 xi.
1330 2558 1446 2595 9-10.

341 2617 405 2665 36
