1866 2964
772 186 862 234 ST.
901 187 1309 235 AUGUSTINE

283 321 583 381 scriptorem
635 326 926 366 sanctarum
977 324 1342 383 scripturarum
1391 323 1600 367 mentiri
1650 335 1796 383 opor-

284 394 462 446 tuerit,
496 394 652 436 immo
686 407 806 437 vero
842 409 944 437 non
980 391 1094 448 alia,
1130 393 1222 439 sed
1256 391 1395 439 nulla
1429 395 1663 456 quaestio
1699 397 1795 437 est.

285 463 522 510 Admisso
547 466 682 509 enim
705 462 864 508 semel
886 466 939 508 in
961 470 1166 510 tantum
1191 467 1510 510 auctoritatis
1531 462 1794 527 fastigium

283 534 501 580 officioso
527 533 696 597 aliquo
721 534 1007 590 mendacio,
1031 534 1170 580 nulla
1192 534 1391 581 illorum
1414 535 1657 581 librorum
1681 550 1796 597 par-

284 605 441 651 ticula
470 606 777 660 remanebit,
809 622 941 668 quae
973 623 1092 661 non,
1123 613 1181 653 ut
1212 609 1395 669 cuique
1427 607 1684 653 videbitur
1713 603 1795 651 vel

286 677 351 723 ad
386 693 552 723 mores
591 676 801 723 difficilis
838 676 919 723 vel
957 678 1023 724 ad
1059 677 1213 724 fidem
1249 677 1576 734 incredibilis,
1612 676 1795 723 eadem

283 752 707 811 perniciosissima
747 748 927 813 regula
969 749 1034 796 ad
1074 752 1374 796 mentientis
1418 751 1637 796 auctoris
1679 764 1795 794 con-

284 820 450 867 silium
473 820 794 883 officiumque
817 819 1087 868 referatur.

233 899 260 936 4
348 891 398 938 Si
420 895 555 938 enim
576 893 928 938 mentiebatur
949 891 1207 954 apostolus
1229 892 1434 950 Paulus,
1455 909 1570 939 cum
1592 897 1795 955 aposto-

282 962 387 1009 lum
409 963 621 1010 Petrum
642 964 916 1030 obiurgans
936 964 1131 1010 diceret
1155 981 1165 1011 :
1204 964 1256 1011 Si
1276 971 1341 1021 tu,
1361 982 1463 1011 cum
1483 964 1550 1011 sis
1568 963 1794 1018 Iudaeus,

279 1034 513 1098 gentiliter
549 1041 591 1080 et
628 1052 718 1081 non
755 1035 937 1082 iudaice
974 1035 1107 1091 vivis,
1145 1053 1279 1100 quem
1317 1035 1381 1082 ad
1416 1035 1600 1082 modum
1633 1041 1795 1098 gentes

282 1106 411 1170 cogis
469 1106 756 1153 iudaizare?
823 1113 877 1152 et
940 1114 1081 1153 recte
1144 1107 1214 1152 illi
1274 1108 1546 1154 videbatur
1610 1106 1793 1153 Petrus

282 1177 482 1233 fecisse,
517 1195 671 1241 quem
706 1195 808 1225 non
842 1186 982 1224 recte
1017 1178 1198 1225 fecisse
1235 1186 1289 1225 et
1323 1179 1454 1226 dixit
1489 1186 1543 1225 et
1577 1181 1795 1240 scripsit,

283 1257 341 1296 ut
377 1253 522 1313 quasi
559 1253 752 1296 animos
788 1250 1216 1297 tumultuantium
1253 1251 1524 1306 deleniret,
1559 1250 1683 1313 quid
1716 1265 1794 1294 re-

282 1321 665 1384 spondebimus,
708 1339 823 1368 cum
868 1326 1251 1369 exsurrexerint
1293 1325 1519 1385 perversi
1561 1321 1794 1368 homines

280 1392 613 1455 prohibentes
638 1397 862 1456 nuptias,
887 1410 1012 1456 quos
1036 1392 1234 1440 futuros
1259 1397 1367 1456 ipse
1391 1396 1791 1457 praenuntiavit,

283 1471 337 1510 et
378 1465 603 1511 dixerint
650 1472 819 1512 totum
866 1464 1008 1521 illud,
1056 1467 1194 1529 quod
1239 1467 1377 1513 idem
1426 1464 1684 1530 apostolus
1727 1465 1791 1512 de

280 1540 721 1583 matrimoniorum
760 1539 870 1582 iure
913 1537 1161 1584 firmando
1202 1537 1401 1584 locutus
1445 1544 1542 1594 est,
1581 1543 1794 1600 propter

281 1606 530 1663 homines,
543 1611 629 1671 qui
641 1607 914 1654 dilectione
933 1611 1207 1672 coniugum
1218 1608 1522 1655 tumultuari
1531 1614 1791 1671 poterant,

280 1677 435 1725 fuisse
465 1682 762 1734 mentitum,
792 1678 984 1726 scilicet
1014 1697 1115 1726 non
1146 1681 1283 1744 quod
1311 1679 1408 1726 hoc
1436 1682 1672 1735 senserit,
1701 1679 1793 1726 sed

281 1757 339 1796 ut
387 1750 586 1797 illorum
636 1750 927 1813 placaretur
977 1752 1300 1798 adversitas?
1370 1751 1485 1798 Non
1534 1768 1661 1814 opus
1712 1757 1792 1796 est

278 1820 443 1868 multa
467 1838 881 1869 commemorare.
952 1822 1171 1869 Possunt
1198 1826 1333 1869 enim
1359 1823 1518 1868 videri
1543 1825 1700 1869 etiam
1726 1822 1790 1869 de

278 1892 513 1940 laudibus
536 1894 619 1940 dei
643 1910 752 1940 esse
775 1894 993 1940 officiosa
1015 1895 1300 1950 mendacia,
1322 1902 1381 1941 ut
1403 1895 1540 1957 apud
1560 1893 1792 1940 homines

278 1968 523 2027 pigriores
551 1965 756 2011 dilectio
784 1968 890 2012 eius
918 1966 1166 2012 ardescat.
1236 1967 1412 2029 Atque
1438 1969 1513 2012 ita
1538 1983 1788 2029 nusquam

278 2043 420 2083 certa
449 2040 545 2083 erit
573 2040 624 2082 in
653 2041 840 2084 sanctis
868 2036 1005 2084 libris
1035 2045 1207 2084 castae
1236 2041 1467 2084 veritatis
1497 2040 1790 2084 auctoritas.

279 2108 460 2154 Nonne
497 2109 824 2155 adtendimus
861 2110 1081 2156 eundem
1119 2108 1406 2172 apostolum
1441 2126 1556 2156 cum
1591 2112 1790 2173 ingenti

278 2197 398 2225 cura
456 2181 894 2227 commendandae
955 2184 1185 2227 veritatis
1245 2181 1450 2227 dicere:
1528 2180 1581 2227 Si
1638 2187 1789 2227 autem

281 2249 495 2297 Christus
535 2267 627 2297 non
668 2251 937 2307 resurrexit,
978 2251 1136 2298 inanis
1177 2257 1244 2298 est
1279 2250 1571 2316 praedicatio
1612 2258 1790 2307 nostra,

340 2407 357 2425 ‘¹
393 2402 639 2453 Offieiosum
661 2402 935 2442 mendacium
961 2404 994 2442 is
1019 2401 1208 2442 difficult
1231 2406 1277 2442 to
1297 2402 1535 2442 translate:
1569 2404 1601 2442 it
1630 2404 1664 2443 is
1685 2417 1711 2443 a
1732 2402 1788 2444 lie

281 2456 374 2496 told
395 2457 510 2496 from
534 2470 558 2495 a
580 2469 705 2496 sense
726 2457 777 2496 of
792 2456 919 2508 duty,
941 2458 1057 2496 from
1080 2471 1106 2497 a
1126 2457 1234 2497 wish
1256 2461 1302 2496 to
1321 2457 1488 2509 glorify
1509 2455 1626 2498 God.

345 2511 359 2534 ⁶
392 2510 491 2551 Gal.
517 2512 558 2550 ii.
588 2514 726 2551 11-14.
1275 2517 1289 2535 ⁶
1326 2516 1339 2551 l
1368 2511 1480 2551 Tim.
1505 2513 1559 2551 iv.
1589 2515 1670 2552 1—3.

342 2565 360 2589 α
398 2570 412 2605 l
441 2565 539 2606 Cor.
564 2567 635 2605 vii.
666 2568 803 2605 10-16.

288 2629 351 2675 62
