1866 2964
767 188 857 236 ST.
897 187 1305 235 AUGUSTINE

279 325 417 385 scopi
458 324 844 369 conversatione
885 328 938 368 et
979 323 1031 366 in
1069 327 1219 367 tanta
1255 322 1464 367 civitate
1500 335 1690 383 magna
1726 322 1795 367 sit

278 400 557 448 carnalium
588 399 867 446 multitudo
896 401 1180 463 peregrinis
1209 400 1531 461 praesertim,
1561 399 1648 460 qui
1676 398 1794 444 novi

279 479 495 526 subinde
542 481 772 534 veniunt,
817 484 967 524 tanto
1012 476 1283 524 violentius
1328 483 1522 540 quanto
1564 477 1794 522 inscitius

278 556 417 603 illam
469 556 895 604 consuetudinem
945 556 1308 611 retinentibus,
1357 561 1467 601 tam
1515 557 1795 600 immanem

280 642 483 698 pestem
501 635 729 682 nondum
748 637 1001 697 compesci
1019 634 1289 697 sedarique
1306 635 1551 696 potuisse.
1602 631 1795 678 Verum

283 721 460 760 tamen
481 730 571 761 nos
594 716 634 760 si
657 712 870 759 Petrum
893 711 1180 776 apostolum
1200 709 1584 767 honoraremus,
1604 710 1796 758 debere

281 799 560 855 praecepta
598 794 704 838 eius
743 791 918 838 audire
957 798 1011 837 et
1045 789 1209 837 multo
1251 790 1485 837 devotius
1523 787 1796 852 epistulam

282 874 333 916 in
358 887 460 934 qua
484 869 718 917 voluntas
745 872 851 916 eius
877 876 1112 932 apparet,
1136 885 1291 932 quam
1317 867 1579 915 basilicam
1610 869 1663 913 in
1695 882 1798 930 qua

284 966 386 995 non
417 955 651 1011 apparet,
679 950 904 1003 intueri3
947 950 1228 1010 statimque
1264 953 1477 1009 accepto
1511 945 1685 992 codice
1720 960 1799 991 re-

285 1030 437 1073 citavi
462 1027 549 1073 ubi
575 1029 647 1073 ait
667 1042 678 1073 2
719 1024 904 1073 Christo
929 1024 1050 1072 enim
1067 1041 1216 1089 passo
1236 1041 1327 1089 pro
1350 1022 1482 1072 nobis
1499 1041 1588 1088 per
1613 1039 1798 1070 carnem

284 1112 326 1152 et
356 1121 437 1152 vos
465 1103 626 1151 eadem
654 1102 933 1168 cogitatione
965 1102 1232 1159 armamini,
1261 1102 1376 1167 quia
1411 1101 1492 1167 qui
1519 1118 1698 1166 passus
1732 1106 1801 1148 est

288 1200 443 1239 carne,
484 1182 620 1230 desiit
662 1200 691 1229 a
732 1199 890 1238 carne,
926 1188 975 1228 ut
1014 1181 1109 1228 iam
1149 1198 1242 1228 non
1283 1180 1517 1228 hominum
1556 1177 1801 1227 desideriis

287 1261 369 1308 sed
394 1262 626 1309 voluntate
645 1260 719 1307 dei
738 1259 967 1325 reliquum
988 1267 1165 1324 tempus
1185 1259 1233 1306 in
1253 1276 1392 1306 carne
1411 1258 1550 1306 vivat.
1617 1255 1801 1323 Sufficit

286 1339 406 1386 enim
444 1337 571 1386 vobis
601 1338 903 1403 praeteritum
941 1344 1119 1402 tempus
1155 1337 1389 1385 voluntate
1425 1336 1660 1384 hominum
1690 1352 1799 1400 per-

273 1417 458 1482 fecisse
504 1416 792 1464 ambulantes
837 1416 885 1463 in
932 1414 1216 1472 libidinibus,
1261 1414 1522 1472 desideriis,
1567 1413 1800 1470 ebrietate,

288 1494 690 1543 comissationibus
718 1502 760 1541 et
790 1492 1016 1558 nefandis
1043 1493 1271 1541 idolorum
1300 1491 1608 1541 servitutibus.
1677 1491 1800 1551 Qui-

288 1576 381 1621 bus
398 1577 703 1638 gestis,cum
721 1589 896 1620 omnes
915 1590 1015 1619 uno
1034 1575 1202 1618 animo
1218 1573 1468 1619 inbonam
1478 1570 1799 1618 voluntatem

288 1656 359 1699 ire
385 1658 685 1714 contempta
707 1650 843 1697 mala
867 1651 1238 1697 consuetudine
1262 1666 1543 1706 cernerem,
1565 1648 1801 1696 hortatus

288 1748 399 1777 sum
449 1737 506 1777 ut
553 1730 835 1776 meridiano
880 1736 1115 1791 tempore
1163 1729 1343 1775 divinis
1389 1727 1693 1776 lectionibus
1746 1733 1801 1773 et

287 1808 492 1871 psalmis
526 1811 872 1862 interessent3
923 1810 997 1853 ita
1028 1806 1171 1853 illum
1204 1807 1341 1854 diem
1370 1805 1534 1853 multo
1562 1805 1800 1852 mundius

289 1894 446 1950 atque
495 1889 737 1932 sincerius
785 1884 988 1948 placere
1035 1884 1400 1931 celebrandum
1447 1891 1502 1931 et
1547 1890 1688 1931 certe
1736 1883 1801 1930 de

287 1964 620 2011 multitudine
670 1966 1085 2010 convenientium
1138 1961 1287 2009 facile
1337 1979 1485 2025 posse
1536 1977 1802 2025 apparere,

290 2046 377 2107 qui
405 2049 637 2089 mentem
675 2049 729 2089 et
764 2045 851 2105 qui
886 2048 1121 2088 ventrem
1155 2048 1475 2104 sequeretur.
1545 2040 1629 2087 Ita
1656 2039 1802 2087 lectis

288 2122 522 2169 omnibus
546 2137 712 2167 sermo
736 2123 1043 2167 terminatus
1068 2126 1162 2166 est.

215 2207 262 2245 11
355 2199 711 2246 Pomeridiano
734 2205 909 2245 autem
931 2198 1013 2245 die
1035 2200 1195 2244 maior
1216 2214 1370 2261 quam
1393 2204 1513 2244 ante
1534 2197 1801 2244 meridiem

354 2366 371 2384 ‘²
405 2361 487 2401 His
518 2359 741 2400 residence
771 2372 860 2399 was
888 2372 945 2399 on
973 2358 1048 2399 the
1075 2358 1201 2399 other
1228 2357 1322 2398 side
1348 2359 1400 2399 of
1420 2358 1496 2399 the
1522 2360 1627 2410 city,
1656 2360 1701 2399 in
1727 2359 1804 2400 the

295 2415 487 2456 Lateran
520 2414 688 2467 panace,
721 2413 954 2466 presented
986 2418 1031 2453 to
1062 2413 1138 2454 the
1172 2412 1350 2454 Church
1381 2413 1444 2465 by
1480 2413 1556 2454 the
1586 2413 1804 2466 Emperor

298 2470 601 2510 Constantine.
657 2468 799 2509 There
822 2468 898 2509 the
925 2468 1066 2520 Popes
1091 2467 1331 2508 continued
1355 2471 1401 2509 to
1426 2467 1568 2508 reside
1591 2468 1702 2509 until
1727 2468 1803 2510 the

296 2524 382 2566 end
405 2526 456 2565 of
472 2524 547 2564 the
567 2523 820 2564 fourteenth
842 2527 1042 2575 century.

358 2579 373 2602 ὸ
410 2583 426 2619 1
455 2578 547 2619 Pet.
571 2580 627 2619 iv.
655 2581 738 2619 1-3.

306 2644 367 2691 86
