1850 2964
778 204 869 252 ST.
908 204 1317 252 AUGUSTINE

291 336 510 384 alterum
537 337 816 393 dominum,
844 337 1125 384 secundum
1152 353 1307 400 quem
1331 343 1507 401 posset
1534 339 1799 400 episcopus

291 425 318 442 “
338 433 488 489 pater
508 425 535 441 ''
567 443 596 472 a
623 427 764 473 vobis
793 429 977 482 vocari,
1001 433 1209 489 praeter
1233 426 1496 473 dominum
1521 425 1796 482 Christum,

292 522 345 562 et
385 518 425 562 si
467 522 602 562 esset
641 514 758 562 hinc
807 515 976 578 aliqua
1017 515 1082 562 de
1123 518 1551 578 interpretatione
1597 522 1799 563 vestrae

289 608 579 651 sententiae
625 605 898 660 dubitatio,
943 605 1314 667 subscriptione
1360 603 1610 668 epistulae
1653 603 1800 652 tolle-

286 700 446 749 retur,
477 694 565 740 ubi
597 700 776 756 aperte
807 696 1044 756 posuistis
1070 710 1080 740 :
1131 693 1158 708 ‘⁴
1185 693 1439 756 Optamus
1469 700 1542 750 te,
1573 694 1796 749 domine,

286 786 339 829 in
373 783 470 829 deo
506 789 559 829 et
594 781 794 829 Christo
830 785 936 829 eius
970 799 1063 846 per
1094 781 1282 829 multos
1318 799 1475 830 annos
1509 798 1713 846 semper
1743 785 1796 828 in

287 871 420 918 clero
442 879 532 918 tuo
554 870 834 936 gaudere.''
903 871 1100 930 Quibus
1123 872 1356 918 omnibus
1377 870 1615 935 perlectis
1638 879 1795 935 atque

286 961 536 1017 discussis,
558 961 682 1024 quid
705 960 842 1007 aliud
859 959 984 1007 mihi
1002 977 1264 1008 occurrere
1286 963 1458 1024 potuit
1480 967 1571 1008 aut
1586 959 1797 1008 cuilibet

285 1049 477 1097 homini
498 1057 689 1113 potest,
709 1052 804 1096 nisi
822 1057 911 1096 aut
927 1050 1147 1097 veridico
1170 1057 1261 1097 aut
1281 1048 1449 1097 fallaci
1463 1050 1795 1097 scribentium

286 1142 454 1186 animo
483 1138 610 1185 haec
641 1156 751 1186 esse
781 1140 1107 1202 conscripta?
1176 1138 1279 1186 Sed
1307 1142 1347 1186 si
1375 1140 1596 1186 veridico
1625 1141 1794 1186 animo

283 1231 384 1275 ista
430 1230 664 1284 scribitis,
707 1231 817 1292 quis
859 1229 1000 1275 vobis
1043 1229 1109 1276 ad
1147 1227 1279 1275 hanc
1318 1231 1593 1275 veritatem
1637 1231 1795 1276 inter-

284 1317 432 1365 clusit
452 1321 585 1364 viam
605 1318 622 1364 ἲ
693 1317 818 1376 Quis
840 1334 1020 1381 aspera
1045 1318 1258 1365 dumeta
1283 1318 1597 1365 substravit?
1666 1317 1792 1377 Quis

281 1410 485 1470 rupium
544 1414 824 1470 praerupta
877 1410 1108 1454 inimicus
1163 1407 1442 1470 opposuit?
1527 1406 1792 1457 Postremo

284 1500 395 1560 quis
428 1496 665 1543 basilicae
695 1499 901 1542 ianuam
929 1497 1130 1560 ingredi
1161 1497 1485 1560 cupientibus
1510 1495 1708 1553 clausit,
1732 1502 1792 1543 ut

280 1589 334 1632 in
371 1586 552 1633 eodem
590 1586 794 1633 domino
830 1602 922 1649 per
959 1602 1113 1649 quem
1154 1603 1245 1632 nos
1282 1585 1534 1642 salutatis,
1572 1586 1790 1633 eandem

282 1674 501 1721 salutem
517 1676 780 1721 nobiscum
796 1674 987 1721 habere
1003 1674 1172 1722 nolitis
1197 1675 1215 1721 ?
1283 1674 1335 1721 Si
1351 1682 1527 1721 autem
1542 1673 1791 1722 fallaciter

283 1772 440 1828 atque
478 1765 761 1811 inridenter
798 1763 925 1811 haec
964 1765 1199 1820 scribitis,
1236 1767 1378 1811 itane
1416 1764 1630 1812 tandem
1666 1763 1791 1811 mihi

282 1857 491 1918 negotia
517 1861 687 1900 vestra
713 1854 937 1900 curanda
962 1856 1221 1917 inponitis,
1248 1860 1307 1901 ut
1338 1869 1527 1900 nomen
1559 1856 1666 1901 eius
1697 1869 1791 1917 per

283 1960 438 2006 quern
493 1942 684 2006 aliquid
736 1960 960 2006 possum,
1016 1943 1248 1990 audeatis
1302 1959 1405 1990 non
1458 1945 1789 1990 veneratione

282 2033 458 2079 debita
477 2032 740 2088 adtollere,
753 2033 844 2079 sed
859 2031 1189 2079 insultatione
1208 2031 1493 2079 adulatoria
1507 2031 1787 2079 ventilare?

232 2132 256 2171 3
346 2121 524 2168 Sciatis
577 2138 679 2177 me,
732 2124 991 2178 carissimi,
1043 2138 1159 2168 cum
1210 2120 1453 2168 ineffabili
1502 2138 1595 2184 pro
1647 2122 1787 2168 vobis

284 2218 504 2257 tremore
559 2211 721 2257 cordis
774 2210 901 2257 haec
954 2211 1159 2267 dicere3
1227 2213 1344 2258 novi
1398 2213 1535 2257 enim
1593 2217 1787 2274 quanto

281 2303 566 2364 graviorem
612 2307 666 2346 et
708 2303 1118 2363 perniciosiorem
1163 2316 1368 2346 causam
1411 2302 1519 2346 sitis
1563 2297 1787 2346 habituri

285 2390 422 2452 apud
465 2390 636 2444 deum,
677 2392 717 2435 si
758 2388 946 2435 frustra
988 2390 1128 2436 vobis
1169 2387 1297 2435 haec
1338 2389 1530 2436 dixero.
1600 2387 1788 2435 Omnia

282 2495 414 2542 quae
454 2481 745 2541 praeteritis
786 2479 1101 2541 temporibus
1143 2494 1266 2542 erga
1303 2476 1584 2524 humanum
1623 2493 1785 2541 genus

280 2570 496 2614 maiores
552 2570 712 2613 nostri
766 2574 915 2631 gesta
972 2583 1081 2614 esse
1137 2569 1483 2614 meminerunt
1536 2566 1784 2630 nobisque

287 2654 383 2703 466
