1866 2964
783 161 875 212 ST.
913 161 1321 212 AUGUSTINE

297 300 538 362 iniquitas
586 300 639 344 in
689 296 834 344 malis
894 297 1131 360 operibus
1186 302 1472 351 exercetur,
1519 301 1579 341 ut
1642 291 1805 349 fiant3

299 367 537 429 superbia
567 382 685 412 vero
718 368 876 412 etiam
905 368 958 410 in
987 366 1132 411 bonis
1164 364 1401 426 operibus
1431 363 1717 418 insidiatur,
1747 368 1807 408 ut

297 442 529 497 pereant.
599 434 667 480 Et
691 434 813 496 quid
833 433 1043 495 prodest
1065 433 1359 495 dispergere
1382 431 1550 478 dando
1571 432 1807 493 pauperi-

298 504 392 549 bus
420 510 473 548 et
508 518 790 564 pauperem
827 501 953 556 fieri,
977 517 1093 546 cum
1120 503 1289 546 anima
1323 502 1509 545 misera
1545 499 1808 561 superbior

300 571 546 616 efficiatur
585 568 786 616 divitias
824 568 1219 623 contemnendo,
1256 584 1410 630 quam
1445 565 1616 613 fuerat
1650 568 1807 629 possi-

301 639 469 685 dendo
494 639 511 684 Ρ
550 637 743 684 Omnes
770 654 891 700 ergo
912 639 1222 683 unanimiter
1243 642 1296 682 et
1315 634 1633 682 concorditer
1651 636 1806 690 vivite

303 713 356 752 et
391 705 640 752 honorate
687 709 740 751 in
778 706 919 752 vobis
960 707 1177 751 invicem
1217 704 1389 760 deum,
1431 705 1572 750 cuius
1613 700 1809 765 templa

301 772 470 820 factae
498 777 634 820 estis.

253 850 277 889 7
367 841 696 889 Orationibus
717 844 908 887 instate
929 839 1064 887 horis
1088 846 1141 886 et
1162 840 1478 902 temporibus
1500 840 1807 885 constitutis.

304 910 364 956 In
410 912 629 956 oratorio
675 925 826 955 nemo
873 908 1064 971 aliquid
1111 915 1250 971 agat,
1295 910 1390 954 nisi
1437 907 1502 954 ad
1547 906 1686 970 quod
1731 912 1810 952 est

301 976 514 1033 factum,
542 977 679 1024 unde
709 984 761 1023 et
790 993 978 1023 nomen
1007 979 1221 1038 accepit,
1249 982 1325 1031 ut,
1353 978 1394 1022 si
1423 974 1623 1038 aliquae
1652 976 1810 1021 etiam

302 1053 508 1109 praeter
564 1045 712 1092 horas
765 1048 1088 1099 constitutas,
1140 1047 1179 1090 si
1232 1046 1303 1089 eis
1350 1050 1517 1098 vacat,
1564 1049 1618 1089 et
1666 1058 1809 1088 orare

304 1113 573 1169 voluerint,
600 1131 701 1160 non
732 1116 802 1160 eis
829 1116 929 1159 sint
954 1113 1342 1175 impedimento,
1369 1128 1500 1174 quae
1525 1112 1596 1157 ibi
1622 1109 1813 1174 aliquid

305 1181 562 1246 agendum
580 1188 910 1244 putaverunt.
981 1179 1191 1227 Psalmis
1219 1186 1271 1226 et
1295 1178 1497 1243 hymnis
1523 1195 1638 1225 cum
1658 1181 1812 1225 oratis

304 1251 476 1305 deum,
501 1249 595 1296 hoc
625 1256 856 1296 versetur
880 1252 933 1295 in
957 1249 1107 1295 corde
1146 1248 1283 1311 quod
1314 1246 1571 1310 profertur
1594 1250 1647 1292 in
1671 1262 1812 1302 voce,

306 1326 358 1364 et
384 1317 542 1364 nolite
568 1325 794 1373 cantare,
820 1320 914 1363 nisi
940 1317 1077 1380 quod
1105 1315 1276 1380 legitis
1315 1332 1425 1362 esse
1462 1315 1774 1362 cantandum
1799 1329 1811 1369 ;

304 1387 441 1450 quod
479 1393 654 1432 autem
689 1403 789 1432 non
821 1389 894 1431 ita
930 1388 1174 1447 scriptum
1209 1391 1305 1439 est,
1334 1391 1393 1430 ut
1418 1390 1674 1438 cantetur,
1710 1399 1812 1429 non

304 1462 556 1501 cantetur.

256 1531 281 1569 8
371 1522 590 1569 Carnem
635 1529 857 1568 vestram
905 1522 1111 1568 domate
1157 1523 1355 1567 ieiuniis
1402 1527 1456 1567 et
1501 1521 1814 1566 abstinentia

307 1607 452 1637 escae
475 1598 528 1637 et
547 1598 716 1653 potus,
737 1597 988 1653 quantum
1008 1588 1234 1636 valitudo
1254 1591 1524 1651 permittit.
1595 1587 1813 1646 Quando

307 1666 482 1705 autem
515 1658 683 1722 aliqua
714 1675 815 1704 non
845 1665 1019 1721 potest
1049 1660 1295 1712 ieiunare,
1326 1674 1428 1703 non
1458 1664 1635 1703 tamen
1667 1662 1814 1702 extra

305 1726 482 1773 horam
513 1727 713 1790 prandii
745 1726 935 1789 aliquid
967 1725 1324 1772 alimentorum
1355 1731 1542 1780 sumat,
1573 1726 1668 1770 nisi
1698 1740 1813 1770 cum

307 1802 559 1859 aegrotat.
630 1794 759 1841 Cum
804 1794 1044 1840 acceditis
1090 1794 1154 1840 ad
1196 1810 1445 1848 mensam,
1489 1793 1651 1840 donec
1694 1791 1813 1838 inde

307 1866 543 1927 surgatis,
562 1863 699 1926 quod
715 1863 854 1909 vobis
873 1862 1152 1908 secundum
1170 1861 1593 1908 consuetudinem
1608 1859 1815 1924 legitur,

307 1935 414 1978 sine
437 1930 664 1978 tumultu
689 1938 742 1977 et
764 1931 1176 1977 contentionibus
1201 1930 1375 1976 audite
1399 1945 1492 1975 nec
1515 1927 1650 1975 solae
1675 1928 1814 1974 vobis

306 1999 479 2046 fauces
537 2006 743 2046 sumant
790 2000 977 2054 cibum,
1020 1999 1110 2045 sed
1159 2005 1213 2044 et
1262 2014 1408 2044 aures
1456 1999 1684 2043 esuriant
1731 1996 1814 2042 dei

307 2069 535 2115 verbum.

259 2144 284 2182 9
375 2135 520 2194 Quae
561 2135 791 2181 infirmae
832 2141 951 2181 sunt
993 2151 1055 2180 ex
1095 2136 1310 2197 pristina
1348 2132 1736 2187 consuetudine,
1776 2133 1817 2178 si

310 2203 457 2250 aliter
492 2210 780 2250 tractantur
815 2206 867 2248 in
898 2206 1051 2258 victu,
1077 2219 1178 2248 non
1213 2202 1372 2249 debet
1407 2200 1514 2248 aliis
1543 2199 1816 2247 molestum

310 2289 420 2318 esse
452 2288 546 2318 nec
577 2274 821 2317 iniustum
853 2271 1030 2326 videri,
1062 2287 1187 2333 quas
1218 2268 1341 2316 fecit
1373 2268 1470 2315 alia
1500 2268 1815 2316 consuetudo

308 2339 558 2386 fortiores.
629 2339 736 2385 Nec
770 2338 878 2385 illas
913 2345 1102 2402 putent
1140 2336 1406 2394 feliciores,
1441 2340 1561 2400 quia
1607 2342 1816 2383 sumunt

543 2547 560 2565 ‘²
597 2544 612 2581 1
640 2540 740 2581 Cor.
764 2542 822 2582 iii.
850 2544 915 2581 16.
1223 2539 1238 2565 θ
1271 2539 1437 2581 Coloss.
1460 2540 1518 2581 iv.
1539 2541 1581 2580 2.

315 2609 412 2654 384
