1850 2964
790 177 881 225 ST.
919 177 1328 226 AUGUSTINE

302 309 644 366 tradiderunt,
697 313 867 356 omnia
926 313 1083 357 etiam
1143 325 1275 373 quae
1324 326 1415 357 nos
1465 309 1695 357 videmus
1755 315 1810 356 et
1849 365 1850 370 ¹

301 381 516 440 posteris
554 378 819 434 tradimus,
855 395 987 442 quae
1022 386 1201 425 tamen
1235 381 1500 441 pertinent
1535 378 1602 425 ad
1635 393 1809 425 veram
1849 373 1850 376 ¹

301 445 600 510 religionem
619 447 967 510 quaerendam
986 454 1039 493 et
1056 447 1355 502 tenendam,
1373 447 1543 493 divina
1559 441 1810 509 scriptura

301 531 403 560 non
426 518 606 570 tacuit,
631 515 722 562 sed
744 518 816 561 ita
843 518 1047 561 omnino
1071 522 1255 561 cuncta
1279 521 1564 570 transeunt,
1590 521 1649 561 ut
1671 521 1810 561 tran-

301 586 461 628 situra
498 599 608 629 esse
645 583 910 646 praedicta
947 590 1081 630 sunt.
1150 582 1348 630 Videtis
1387 589 1527 629 certe
1564 580 1810 645 populum

303 650 611 697 Iudaeorum
648 650 878 697 avulsum
916 667 944 697 a
981 652 1186 698 sedibus
1223 653 1323 697 suis
1358 667 1452 714 per
1487 666 1664 697 omnes
1698 648 1808 696 fere

301 726 462 765 terras
494 720 882 766 disseminatum
914 725 1070 782 atque
1101 718 1374 775 diffusum3
1424 725 1477 765 et
1507 721 1649 782 origo
1680 721 1812 765 eius-

300 787 419 834 dem
455 787 630 850 populi
668 794 721 834 et
755 790 1074 834 incrementa
1112 794 1165 834 et
1200 790 1347 851 regni
1384 789 1585 833 amissio
1623 792 1678 833 et
1712 802 1806 849 per

300 862 485 902 cuncta
537 856 781 918 dispersio
834 859 964 902 sicut
1019 855 1301 918 praedicta,
1352 857 1428 901 ita
1479 853 1618 901 facta
1670 861 1805 901 sunt.

299 923 497 970 Videtis
534 931 674 970 certe
714 940 777 970 ex
814 927 923 986 ipso
959 923 1147 986 populo
1177 924 1390 970 verbum
1420 923 1504 970 dei
1533 921 1809 987 legemque

297 992 641 1054 prodeuntem
681 1009 774 1054 per
816 991 1093 1047 Christum,
1136 994 1222 1054 qui
1266 1008 1330 1038 ex
1370 990 1466 1037 illis
1507 989 1808 1037 mirabiliter

298 1067 449 1106 natus
487 1068 582 1117 est,
618 1063 845 1107 omnium
879 1063 1114 1124 gentium
1150 1060 1305 1106 fidem
1339 1075 1612 1122 occupasse
1649 1066 1807 1122 atque

298 1131 556 1184 tenuisse3
608 1132 682 1174 ita
716 1128 844 1175 haec
879 1132 1049 1175 omnia
1083 1130 1448 1190 praenuntiata
1480 1126 1717 1191 legimus,
1752 1133 1812 1173 ut

300 1196 545 1243 videmus.
614 1196 811 1243 Videtis
855 1204 994 1243 certe
1038 1195 1226 1243 multos
1269 1198 1521 1259 praecisos
1565 1211 1595 1241 a
1640 1195 1811 1249 radice

301 1264 619 1311 Christianae
659 1268 935 1321 societatis,
975 1281 1107 1328 quae
1146 1280 1239 1327 per
1278 1264 1425 1311 sedes
1465 1262 1811 1326 apostolorum

301 1340 354 1380 et
394 1337 732 1379 successiones
775 1336 1127 1396 episcoporum
1166 1339 1308 1379 certa
1346 1348 1439 1395 per
1478 1332 1656 1378 orbem
1694 1347 1808 1394 pro-

297 1404 575 1464 pagatione
623 1399 940 1457 diffunditur,
987 1401 1051 1447 de
1100 1400 1206 1447 sola
1252 1400 1416 1464 figura
1461 1402 1668 1464 originis
1715 1399 1810 1445 sub

299 1469 585 1516 Christiano
611 1473 813 1516 nomine
837 1472 979 1532 quasi
1002 1471 1286 1515 arescentia
1307 1475 1568 1515 sarmenta
1587 1466 1810 1532 gloriari,

298 1554 423 1601 quas
461 1537 698 1584 haereses
739 1545 791 1584 et
830 1537 1103 1584 schismata
1150 1540 1506 1592 nominamus3
1561 1538 1813 1598 praevisa,

297 1607 579 1669 praedicta,
604 1609 791 1668 scripta
821 1613 940 1652 sunt
966 1609 1149 1652 omnia.
1219 1604 1417 1652 Videtis
1443 1611 1583 1651 certe
1609 1602 1813 1650 simula-

299 1691 497 1720 crorum
547 1674 743 1737 templa
793 1678 980 1737 partim
1029 1677 1136 1720 sine
1184 1675 1509 1736 reparatione
1556 1671 1812 1734 conlapsa,

298 1745 485 1805 partim
527 1743 713 1798 diruta,
756 1746 943 1805 partim
985 1741 1171 1796 clausa,
1208 1744 1396 1804 partim
1437 1744 1490 1786 in
1530 1756 1650 1786 usus
1693 1739 1816 1786 alios

297 1818 630 1866 commutata,
667 1815 879 1874 ipsaque
916 1810 1182 1856 simulacra
1219 1809 1299 1856 vel
1337 1807 1586 1872 confringi
1623 1807 1704 1854 vel
1741 1810 1816 1853 in-

299 1880 446 1926 cendi
472 1878 550 1925 vel
576 1879 760 1925 includi
784 1878 864 1925 vel
884 1879 1094 1933 destrui,
1116 1885 1272 1941 atque
1296 1880 1431 1940 ipsas
1455 1875 1603 1923 huius
1628 1874 1815 1922 saeculi

298 1954 603 2009 potestateS,
641 1963 772 2011 quae
815 1945 1088 2010 aliquando
1130 1963 1220 2009 pro
1257 1945 1533 1992 simulacris
1570 1943 1816 2008 populum

299 2015 643 2063 Christianum
679 2016 1139 2079 persequbeantur,
1173 2017 1331 2061 victas
1367 2021 1421 2060 et
1459 2013 1678 2060 domitas
1715 2027 1818 2058 non

302 2101 331 2130 a
374 2086 779 2148 repugnantibus
824 2084 915 2131 sed
965 2100 994 2129 a
1037 2083 1372 2129 morientibus
1421 2080 1720 2128 Christianis
1765 2086 1819 2126 et

371 2272 389 2290 α
422 2267 536 2308 Like
569 2268 643 2308 the
676 2267 841 2319 temple
874 2268 924 2306 of
954 2265 1165 2306 Caelestis
1199 2268 1245 2305 at
1278 2264 1516 2316 Carthage,
1550 2261 1694 2303 which
1728 2273 1818 2302 was

311 2320 457 2361 closed
483 2323 551 2361 for
575 2336 725 2374 pagan
750 2321 942 2373 worship
967 2323 1011 2361 in
1036 2323 1134 2367 391,
1160 2319 1242 2360 but
1264 2317 1548 2360 consecrated
1572 2317 1635 2369 by
1657 2316 1819 2368 bishop

308 2376 515 2416 Aurelius
539 2379 582 2417 in
605 2381 687 2417 399
711 2390 759 2416 as
781 2390 807 2416 a
830 2376 1053 2416 Christian
1075 2374 1257 2415 church.
1314 2374 1367 2414 In
1387 2372 1436 2414 C.
1456 2373 1599 2413 Gaud.
1622 2373 1649 2412 i.
1672 2374 1741 2412 38.
1763 2374 1813 2411 51

310 2431 563 2483 Augustine
602 2430 766 2483 speaks
811 2431 860 2471 of
901 2444 1051 2483 pagan
1100 2429 1286 2482 temples
1326 2427 1604 2469 overthrown
1643 2426 1705 2478 by
1743 2425 1819 2465 the

308 2485 564 2532 Donatists3
603 2490 628 2507 ‘⁶
646 2487 813 2537 pagani
843 2499 1036 2538 quorum
1070 2488 1188 2524 certe
1223 2483 1392 2535 templa
1424 2482 1640 2523 evertistis
1668 2483 1713 2520 et
1741 2479 1820 2520 ba-

311 2539 456 2580 silicas
480 2540 833 2581 construxistis.’'
897 2540 991 2580 The
1017 2552 1205 2592 passage
1229 2540 1274 2578 in
1300 2538 1439 2578 Serm.
1471 2538 1566 2577 163.
1590 2537 1616 2575 2
1642 2535 1771 2575 bears
1791 2546 1819 2574 a

314 2595 614 2636 resemblance
651 2599 698 2635 to
736 2595 810 2635 the
848 2598 964 2635 text:
1011 2593 1150 2634 “loca
1190 2595 1287 2645 ipsa
1325 2596 1500 2632 terrena
1539 2589 1627 2643 [zze.
1662 2601 1815 2642 pagan

307 2658 401 2706 468
