1866 2964
777 186 869 235 ST.
907 187 1316 235 AUGUSTINE

289 322 455 366 tiones
496 325 605 365 tam
645 318 835 366 multas
875 326 1088 384 tamque
1130 319 1465 368 vehementes
1506 337 1623 367 cum
1662 318 1803 367 facta

288 404 415 451 pace
446 388 630 434 turbae
661 387 932 452 gentilium
963 392 1015 434 in
1046 387 1379 435 christianum
1409 405 1598 436 nomen
1627 391 1801 435 venire

288 459 556 518 cupientes
595 454 690 502 hoc
729 457 1120 518 impedirentur,
1161 458 1298 520 quod
1337 458 1446 504 dies
1485 456 1646 504 festos
1685 473 1802 503 cum

287 523 434 571 idolis
462 527 563 570 suis
590 523 816 571 solerent
840 527 893 571 in
921 525 1239 572 abundantia
1266 524 1532 588 epularum
1559 532 1614 572 et
1641 524 1804 572 ebrie-

288 599 401 639 tate
430 609 747 647 consumere,
768 609 861 640 nec
889 591 1038 639 facile
1067 594 1131 640 ab
1157 592 1234 640 his
1252 596 1685 656 perniciosissimis
1712 593 1802 640 sed

289 667 467 707 tamen
484 663 840 707 vetustissimis
858 660 1207 724 voluptatibus
1225 678 1278 708 se
1296 669 1507 725 possent
1525 662 1802 716 abstinere,

290 731 453 775 visum
490 726 646 775 fuisse
684 730 959 776 maioribus
998 733 1183 776 nostris
1224 737 1283 776 ut
1329 728 1446 777 huic
1491 729 1803 776 infirmitatis

289 799 424 859 parti
448 799 655 843 interim
680 804 978 860 parceretur
1001 798 1213 861 diesque
1237 796 1397 845 festos
1420 805 1538 861 post
1562 814 1648 844 eos
1678 813 1804 861 quos

289 864 670 927 relinquebant,
698 864 820 911 alios
847 869 899 911 in
926 864 1172 912 honorem
1199 873 1490 913 sanctorum
1516 872 1802 930 martyrum

290 932 371 979 vel
410 949 513 979 non
552 932 702 979 simili
741 933 1005 998 sacrilegio
1047 937 1277 997 quamvis
1317 933 1467 980 simili
1505 933 1630 981 luxu
1671 932 1803 980 cele-

289 1001 500 1047 brarent
524 1016 535 1056 3
570 1004 673 1047 iam
694 1000 881 1047 Christi
900 1005 1105 1048 nomine
1125 1002 1392 1066 conligatis
1413 1009 1467 1049 et
1486 1009 1666 1049 tantae
1687 1018 1803 1048 auc-

288 1072 514 1115 toritatis
541 1071 661 1133 iugo
689 1070 907 1116 subditis
935 1069 1177 1116 salutaria
1205 1072 1497 1117 sobrietatis
1524 1076 1803 1133 praecepta

288 1137 637 1193 traderentur,
682 1138 865 1200 quibus
909 1140 1011 1184 iam
1054 1146 1266 1201 propter
1308 1141 1670 1202 praecipientis
1713 1137 1803 1184 ho-

289 1222 466 1251 norem
495 1222 552 1251 ac
578 1208 817 1252 timorem
843 1210 1082 1253 resistere
1110 1224 1212 1253 non
1237 1206 1484 1253 valerent.
1554 1206 1803 1265 Quocirca

288 1276 391 1319 iam
436 1280 643 1336 tempus
689 1290 819 1329 esse,
865 1281 941 1332 ut,
988 1278 1075 1338 qui
1119 1292 1222 1321 non
1268 1291 1322 1321 se
1369 1275 1564 1322 audent
1609 1290 1800 1338 negare

288 1340 608 1398 christianos,
638 1342 920 1388 secundum
952 1342 1140 1389 Christi
1170 1342 1491 1390 voluntatem
1523 1345 1692 1389 vivere
1727 1345 1802 1388 in-

289 1412 500 1472 cipiant,
538 1417 597 1456 ut
639 1426 701 1456 ea
743 1427 894 1473 quae,
932 1418 991 1457 ut
1033 1418 1207 1458 essent
1246 1410 1525 1467 christiani,
1562 1427 1800 1458 concessa

289 1484 427 1533 sunt,
451 1495 566 1524 cum
590 1477 850 1524 christiani
874 1486 1012 1535 sunt,
1033 1487 1358 1542 respuantur.

213 1552 265 1592 10
354 1546 557 1593 Deinde
598 1545 833 1593 hortatus
874 1564 1005 1603 sum,
1046 1555 1104 1594 ut
1144 1550 1599 1594 transmarinarum
1642 1544 1801 1592 eccle-

289 1616 495 1670 siarum,
516 1617 569 1659 in
591 1616 774 1677 quibus
797 1619 984 1677 partim
1006 1618 1105 1662 ista
1126 1623 1339 1678 recepta
1361 1632 1641 1678 numquam
1664 1621 1802 1670 sunt,

288 1685 477 1744 partim
504 1685 605 1728 iam
632 1699 725 1745 per
751 1684 910 1729 bonos
937 1691 1161 1730 rectores
1189 1683 1377 1747 populo
1405 1685 1800 1745 obtemperante

289 1758 535 1806 correcta,
566 1754 851 1797 imitatores
886 1768 996 1798 esse
1029 1751 1290 1799 vellemus.
1358 1752 1428 1798 Et
1461 1754 1702 1815 quoniam
1735 1750 1799 1798 de

289 1817 496 1864 basilica
536 1819 678 1865 beati
719 1819 935 1881 apostoli
977 1819 1117 1866 Petri
1158 1821 1446 1867 cotidianae
1487 1818 1801 1865 vinulentiae

288 1885 684 1948 proferebantur
708 1887 962 1950 exempla,
987 1889 1093 1935 dixi
1116 1892 1279 1951 primo
1305 1889 1505 1935 audisse
1531 1904 1621 1934 nos
1646 1903 1801 1949 saepe

290 1971 400 2000 esse
430 1954 763 2017 prohibitum,
793 1957 884 2003 sed
914 1957 1051 2020 quod
1080 1964 1308 2003 remotus
1338 1960 1404 2003 sit
1432 1955 1570 2003 locus
1601 1956 1666 2002 ab
1697 1958 1802 2018 epi-

355 2108 374 2127 a
404 2103 498 2143 The
522 2103 805 2144 best-known
829 2105 1031 2157 example
1054 2107 1105 2146 of
1122 2105 1209 2146 this
1233 2107 1359 2157 spirit
1381 2106 1432 2145 of
1449 2105 1743 2156 compromise
1766 2105 1801 2144 is

295 2157 392 2198 that
413 2159 464 2198 os
482 2158 601 2211 Pope
623 2158 827 2211 Gregory
848 2160 922 2200 the
945 2160 1096 2208 Great,
1118 2160 1218 2200 who
1239 2164 1373 2200 wrote
1393 2164 1440 2200 to
1461 2158 1526 2200 St.
1550 2159 1801 2211 Augustine

296 2214 347 2253 of
368 2212 647 2265 Canterbury
672 2215 769 2254 that
793 2214 867 2255 the
892 2228 1042 2267 pagan
1067 2217 1283 2267 practices
1307 2216 1358 2255 of
1377 2218 1579 2255 converts
1605 2218 1723 2254 must
1746 2213 1801 2253 be

295 2267 492 2308 checked
504 2268 679 2320 onlyb3⁷
689 2268 1034 2321 degreesfflede,
1047 2270 1163 2310 Hist.
1175 2269 1291 2310 Eccl.
1306 2271 1331 2310 i.
1343 2272 1413 2317 30,
1423 2268 1528 2310 with
1541 2267 1780 2309 Plummer'
1783 2281 1803 2308 s

295 2322 413 2374 good
445 2327 561 2370 note,
592 2323 681 2363 and
716 2323 885 2375 Bright‚
918 2323 1130 2377 Chapters
1160 2326 1206 2364 in
1236 2323 1378 2376 Early
1402 2300 1507 2375 ’Enq
1512 2323 1596 2363 12·st
1632 2322 1803 2363 Chnrch

297 2377 495 2429 History‚
510 2391 585 2429 pp.
602 2378 750 2427 78ff.).
777 2378 956 2419 bunnar
972 2379 1337 2431 mdulgenceuas
1350 2391 1572 2425 common,
1585 2377 1801 2430 although

295 2434 546 2483 opposition
582 2437 627 2472 to
663 2432 721 2473 all
755 2437 1048 2485 compromise
1084 2447 1173 2474 was
1207 2432 1506 2485 occasionally
1539 2431 1696 2485 urged,
1731 2433 1801 2473 for

296 2486 512 2538 example,
536 2487 597 2538 by
620 2487 905 2539 Vigilantius.

358 2540 373 2564 ὃ
406 2542 469 2581 As
499 2545 545 2581 at
581 2541 738 2589 Milan,
769 2543 914 2583 where
944 2543 1018 2583 the
1050 2547 1221 2584 custom
1253 2541 1340 2582 had
1371 2542 1483 2582 been
1513 2540 1711 2594 opposed
1740 2540 1803 2593 by

297 2595 362 2636 St.
387 2595 618 2644 Ambrosa
641 2610 689 2637 as
718 2597 944 2646 Monnica,
965 2598 1039 2638 the
1062 2597 1233 2638 mother
1252 2599 1303 2638 of
1318 2597 1584 2649 Augustine,
1609 2595 1697 2636 had
1718 2595 1807 2637 dis-

301 2667 363 2707 84
