1866 2964
750 163 841 213 ST.
879 164 1287 213 AUGUSTINE

264 297 439 360 populi
463 302 539 345 sui
564 305 732 344 errato
756 297 1060 360 prolapsam.
1130 297 1157 312 “
1183 297 1335 356 Quod
1358 297 1567 360 quidem
1590 299 1632 343 si
1653 297 1774 342 iuris

264 365 452 428 publici
485 369 650 429 rigore
683 370 976 422 metiamur,
1008 366 1165 412 debet
1197 365 1354 428 plecti
1380 368 1631 412 severiore
1659 380 1776 410 cen-

265 451 380 480 sura
405 449 415 489 ;
457 435 547 480 sed
571 432 918 497 episcopum,''
941 437 1126 497 inquis,
1150 433 1177 448 “
1201 432 1278 479 fas
1301 450 1403 479 non
1427 440 1507 479 est
1527 435 1623 479 nisi
1645 430 1776 479 salu-

265 508 374 548 tem
402 501 690 548 hominibus
717 505 980 564 impertire
1011 509 1063 547 et
1090 519 1181 564 pro
1209 508 1350 548 statu
1376 500 1585 548 meliore
1613 502 1777 546 causis

267 570 445 616 adesse
475 577 527 616 et
556 570 693 632 apud
718 573 1128 632 omnipotentem
1155 570 1310 616 deum
1335 572 1538 615 veniam
1563 567 1776 615 aliorum

266 641 451 683 mereri
484 636 736 684 delictis.''
805 638 916 684 Hoc
950 641 1155 683 omnino
1189 654 1390 684 servare
1424 653 1684 692 conamur,
1716 642 1776 681 ut

267 709 519 751 severiore
544 722 782 751 'censura
830 722 982 752 nemo
1030 705 1289 768 plectatur
1335 722 1505 768 neque
1554 721 1584 751 a
1630 704 1776 750 nobis

267 790 435 836 neque
467 774 530 819 ab
560 773 656 819 alio
686 773 786 819 ullo
814 774 1255 820 intercedentibus
1282 774 1446 829 nobiS,
1475 780 1529 819 et
1556 771 1776 819 salutem

265 840 554 887 hominibus
575 845 805 903 cupimus
824 845 1106 904 impertire,
1127 858 1259 904 quae
1278 845 1445 904 posita
1467 848 1545 887 est
1563 844 1616 886 in
1634 846 1776 886 recte

268 910 469 955 vivendi
507 908 776 965 felicitate,
815 927 917 955 non
955 913 1007 955 in
1046 909 1179 956 male
1221 909 1442 956 faciendi
1481 912 1774 955 securitate.

266 976 482 1022 Veniam
505 994 709 1040 quoque
732 995 833 1023 non
855 984 1060 1024 tantum
1082 981 1266 1024 nostris
1288 994 1465 1024 verum
1488 985 1542 1024 et
1564 976 1775 1022 aliorum

264 1047 514 1091 instamus
559 1044 757 1091 delictis
800 1049 1004 1101 mereri,
1047 1046 1185 1109 quod
1226 1050 1504 1108 impetrare
1547 1048 1643 1090 nisi
1684 1061 1776 1106 pro

266 1116 504 1159 correctis
534 1117 738 1159 omnino
771 1130 873 1159 non
901 1130 1184 1176 possumus.
1253 1114 1505 1177 Adiungis
1535 1116 1692 1159 etiam
1723 1118 1777 1157 et

267 1181 424 1226 dicis:
481 1180 742 1239 “Quanta
789 1198 994 1243 possum
1031 1181 1402 1244 supplicatione
1444 1182 1682 1243 deposco,
1717 1186 1777 1225 ut

266 1252 306 1294 si
343 1247 670 1295 defendenda
706 1265 786 1294 res
824 1256 920 1305 est,
955 1253 1190 1296 innoxius
1233 1249 1561 1304 defendatur,
1597 1249 1662 1295 ab
1702 1251 1777 1293 in-

269 1317 572 1362 nocentibus
595 1316 831 1363 molestia
853 1316 1174 1380 separetur.'’

218 1391 242 1428 8
330 1385 521 1446 Accipe
569 1385 794 1431 breviter
840 1402 972 1448 quae
1020 1388 1285 1431 commissa
1333 1388 1453 1440 sint,
1500 1391 1554 1430 et
1600 1386 1777 1430 noxios

267 1452 331 1497 ab
354 1453 712 1499 innocentibus
736 1456 845 1515 ipse
874 1454 1120 1500 discerne.
1189 1453 1379 1500 Contra
1402 1455 1777 1499 recentissimas

266 1518 407 1583 leges
464 1519 709 1567 Kalendis
764 1521 921 1567 Iuniis
974 1520 1107 1567 festo
1161 1538 1477 1585 paganorum
1531 1519 1777 1583 sacrilega

266 1587 579 1634 sollemnitas
614 1592 813 1652 agitata
846 1596 940 1643 est,
972 1593 1176 1635 nemine
1206 1588 1530 1651 prohibente,
1561 1596 1669 1634 tam
1702 1591 1776 1633 in-

267 1654 451 1702 solenti
478 1673 621 1712 ausu,
648 1663 723 1712 ut,
750 1657 887 1719 quod
912 1674 1005 1703 nec
1033 1656 1215 1703 Iuliani
1240 1657 1556 1719 temporibus
1581 1655 1775 1702 factum

267 1730 363 1779 est,
381 1723 792 1786 petulantissima
811 1726 963 1771 turba
983 1725 1281 1771 saltantium
1300 1729 1352 1771 in
1373 1725 1554 1771 eodem
1573 1740 1777 1787 prorsus

266 1795 374 1837 Vico
413 1799 534 1838 ante
572 1790 705 1839 fores
743 1796 987 1839 transiret
1024 1793 1283 1839 ecclesiae.
1353 1793 1521 1851 Quam
1557 1808 1666 1838 rem
1702 1795 1778 1838 in-

265 1858 598 1905 licitissimam
639 1867 795 1923 atque
834 1861 1238 1925 indignissimam
1277 1860 1468 1907 clericis
1507 1859 1777 1923 prohibere

267 1929 662 1990 temptantibus,
711 1928 923 1974 ecclesia
969 1929 1197 1991 lapidata
1246 1936 1339 1976 est.
1410 1929 1612 1975 Deinde
1660 1934 1778 1991 post

268 1995 376 2041 dies
395 1994 556 2042 ferme
577 2003 711 2051 octo,
729 2013 844 2042 cum
863 1996 1004 2060 leges
1023 2000 1311 2044 notissimas
1332 2000 1596 2060 episcopus
1615 1996 1778 2042 ordini

335 2173 352 2191 ‘²
386 2168 437 2207 In
469 2167 670 2208 addition
701 2173 746 2209 to
776 2169 850 2209 the
880 2169 1057 2221 regular
1087 2169 1199 2221 duty
1229 2171 1280 2210 of
1303 2169 1378 2210 the
1407 2168 1567 2221 bishop
1595 2173 1642 2208 to
1672 2167 1779 2209 hear

274 2222 363 2261 and
390 2222 544 2263 decide
569 2222 743 2263 clerical
769 2237 905 2271 cases,
931 2224 1007 2265 the
1033 2224 1250 2276 Emperor
1277 2224 1567 2265 Constantine
1591 2221 1777 2263 allowed

274 2276 413 2317 either
449 2282 580 2328 party
616 2279 658 2317 in
697 2292 723 2317 a
758 2278 859 2318 civil
895 2281 981 2318 suit
1016 2283 1062 2319 to
1097 2277 1259 2331 appeal
1293 2283 1339 2319 to
1374 2278 1449 2319 the
1485 2278 1660 2329 bishop,
1697 2277 1779 2317 but

274 2331 498 2383 episcopal
537 2333 820 2372 intercession
859 2334 928 2372 for
967 2333 1092 2373 those
1123 2333 1326 2380 accused,
1357 2332 1417 2373 all
1449 2331 1585 2384 along
1613 2330 1776 2372 looked

275 2399 395 2437 upon
432 2399 480 2425 as
512 2400 537 2425 a
570 2385 682 2438 duty
714 2386 803 2426 and
834 2386 1050 2439 regarded
1086 2387 1190 2428 with
1220 2388 1393 2434 favour,
1428 2385 1626 2427 received
1661 2384 1778 2438 legal

275 2441 476 2480 sanction
505 2439 611 2491 only
637 2440 777 2481 under
806 2441 1047 2481 Justinian.
1109 2441 1251 2482 These
1277 2443 1534 2482 avocations
1563 2439 1777 2492 occupied

273 2498 400 2545 great
424 2496 622 2546 portioris
647 2496 697 2535 of
719 2495 792 2536 the
813 2495 1010 2548 bishop's
1037 2497 1159 2543 time,
1181 2509 1229 2536 as
1253 2496 1506 2549 Augustine
1523 2493 1779 2547 frequently

273 2547 521 2600 complains
542 2549 646 2600 (Ep.
669 2552 815 2590 xxxiii.
839 2554 880 2598 5,
902 2552 1043 2591 ccxiii.
1066 2554 1107 2598 5,
1129 2550 1246 2602 etc.).

284 2612 374 2659 162
