1866 2964
739 159 831 208 ST.
869 158 1279 208 AUGUSTINE

251 296 446 340 meritis
491 293 651 341 officio
697 293 970 341 dilectione
1016 293 1208 341 domini
1252 293 1549 340 salutamus.
1619 290 1769 339 Vela-

252 365 403 408 tionis
430 361 804 425 apophoretum
827 365 1116 426 gratissime
1142 365 1445 425 accepimus.

744 545 838 593 No.
868 551 926 593 38
952 546 1067 610 (Ep.
1096 545 1281 610 CLIX)

256 643 516 685 DOMINO
598 643 984 685 BEATISSIMO
1060 643 1141 685 AC
1216 644 1611 685 VENERABILI
1692 644 1770 684 ET

382 708 834 750 DESIDERABILI
885 709 1116 750 FRATRI
1162 709 1240 750 ET
1284 708 1767 750 CONSACERDOTI

387 773 524 814 MEO
571 774 653 814 Ex
657 773 812 814 ODIO
867 774 943 814 ET
995 774 1213 815 TECUM
1263 773 1618 815 FRATRIBUS
1663 773 1773 814 AU-

386 838 474 880 GL
480 838 620 880 STIN
628 838 705 880 DS
731 839 808 879 ET
838 838 1071 882 MECUM
1106 838 1388 880 FRATRES
1415 839 1482 880 IN
1508 838 1770 880 DOMINO

208 1010 226 1048 1
322 1002 501 1048 Frater
538 1005 637 1049 iste
676 1005 882 1049 nomine
922 1002 1174 1050 Barbarus
1214 1020 1386 1050 servus
1427 1003 1510 1050 dei
1551 1010 1629 1050 est
1666 1006 1769 1049 iam

255 1070 342 1117 diu
369 1070 507 1133 apud
533 1070 828 1133 Hipponem
854 1075 1162 1118 constitutus
1191 1079 1244 1118 et
1269 1072 1411 1118 verbi
1437 1071 1521 1118 dei
1545 1070 1769 1118 fervidus

255 1155 312 1184 ac
350 1139 605 1185 studiosus
645 1139 861 1186 auditor.
933 1139 1261 1186 Desideravit
1299 1140 1364 1186 ad
1400 1146 1546 1186 tuam
1583 1142 1769 1186 sancti-

253 1214 420 1253 tatem
448 1206 646 1254 litteras
675 1214 892 1263 nostras,
919 1210 973 1253 in
1001 1208 1184 1271 quibus
1213 1208 1308 1255 tibi
1338 1224 1456 1254 eum
1483 1211 1536 1254 in
1564 1207 1769 1254 domino

255 1276 671 1322 commendamus
720 1277 917 1338 tibique
965 1292 1057 1338 per
1106 1292 1224 1322 eum
1270 1275 1491 1323 salutem
1538 1276 1770 1322 debitam

255 1343 483 1389 dicimus.
574 1343 784 1390 Litteris
839 1351 1015 1390 autem
1068 1347 1356 1391 sanctitatis
1409 1351 1532 1390 tuae
1586 1344 1769 1407 quibus

254 1415 492 1474 ingentes
534 1415 747 1458 texuisti
789 1415 1133 1475 quaestiones,
1173 1412 1484 1475 respondere
1518 1415 1771 1475 ‘operosis-

255 1482 440 1525 simum
472 1487 550 1526 est
583 1483 740 1526 etiam
771 1483 943 1526 otiosis
977 1488 1030 1527 et
1060 1480 1223 1527 multo
1253 1484 1462 1537 maiore,
1494 1497 1649 1544 quam
1678 1497 1770 1527 nos

255 1564 446 1603 sumus,
490 1548 735 1610 praeditis
779 1547 1028 1595 facultate
1073 1549 1354 1596 disserendi
1399 1556 1453 1595 et
1497 1551 1771 1595 acrimonia

257 1615 608 1679 intellegendi.
714 1616 946 1662 Duarum
994 1633 1116 1663 sane
1166 1617 1499 1679 epistularum
1545 1624 1769 1673 tuarum,

258 1684 441 1746 quibus
481 1683 645 1730 multa
686 1691 740 1731 et
779 1701 968 1748 magna
1008 1688 1277 1748 conquiris,
1317 1702 1420 1731 una
1459 1688 1628 1732 nescio
1669 1701 1771 1748 quo

319 1782 653 1833 ‘'A-pophmeta
685 1782 966 1833 (ἀποφόρητα)
996 1796 1110 1823 were
1139 1787 1337 1835 presents
1366 1785 1499 1835 given
1537 1787 1584 1823 to
1613 1787 1766 1836 guests

260 1840 305 1876 to
331 1835 439 1876 take
464 1836 595 1877 home
618 1837 725 1877 with
749 1837 871 1877 them
897 1838 1015 1878 after
1041 1851 1099 1877 an
1125 1840 1470 1878 entertainment
1493 1836 1636 1890 (Suet.
1670 1837 1767 1879 Cal.

260 1894 330 1938 55,
364 1891 487 1943 Vesp.
515 1895 590 1937 19;
622 1891 850 1943 Lamprid.
874 1892 1048 1944 Helioy.
1073 1895 1143 1933 21.
1171 1896 1221 1939 ’ἴς
1249 1891 1408 1933 Ambr.
1427 1892 1516 1944 Ep.
1537 1895 1578 1933 3.
1600 1892 1659 1933 5‘
1666 1893 1769 1944 ‘qui

260 1944 317 1985 ad
337 1947 592 1985 convivium
618 1960 836 1998 magnum
858 1947 1117 1994 invitantur,
1139 1947 1416 1999 apophoreta
1435 1959 1587 1987 secum
1606 1947 1768 1987 referre

259 2000 673 2052 consueverunt'');
714 2003 759 2041 in
790 2000 1090 2053 Symmachus
1119 2003 1152 2041 it
1181 2003 1217 2042 is
1245 2001 1356 2042 used
1384 2002 1436 2042 of
1458 2002 1569 2054 gifts
1596 2006 1695 2043 sent
1722 2006 1769 2042 to

258 2054 428 2094 friends
465 2054 527 2106 by
562 2054 689 2095 those
724 2054 825 2095 who
862 2055 950 2095 had
983 2055 1077 2107 just
1111 2057 1244 2108 given
1280 2069 1436 2109 games
1471 2055 1576 2108 (Ep.
1614 2059 1656 2098 2.
1695 2059 1767 2104 81,

260 2112 300 2149 5.
323 2112 392 2156 56,
414 2112 454 2149 9.
477 2110 565 2160 59).
627 2109 750 2149 With
774 2110 849 2150 the
870 2114 1049 2161 present
1073 2123 1262 2163 passage
1282 2123 1492 2162 compare
1515 2109 1639 2151 Paul.
1663 2109 1767 2152 Nol.

258 2162 345 2215 Ep.
386 2167 425 2204 5.
471 2166 522 2203 21
568 2163 811 2204 “misimus
843 2164 1186 2205 testimonialem
1219 2164 1477 2205 divitiarum
1514 2169 1769 2206 nostrarum

259 2217 490 2258 scutellam
512 2218 702 2258 buxeam
721 2235 731 2264 ς
764 2222 814 2258 ut
833 2218 1160 2270 apophoretum
1183 2221 1275 2259 voti
1294 2219 1504 2271 spiritalis
1530 2219 1768 2271 accipies.”

259 2272 353 2312 The
391 2271 511 2312 word
551 2274 586 2313 is
625 2272 924 2325 occasionally
961 2272 1197 2326 employed
1236 2274 1299 2326 by
1328 2273 1404 2314 the
1443 2273 1627 2314 Fathers
1665 2276 1711 2314 in
1740 2287 1769 2314 a

258 2326 528 2367 transferred
548 2340 688 2375 sense,
710 2340 758 2368 as
780 2328 1125 2376 Ambrosiaster‚
1145 2328 1272 2369 Rom.
1299 2331 1335 2369 1.
1358 2332 1394 2376 1,
1415 2331 1501 2369 4922
1524 2328 1550 2345 “
1566 2327 1622 2369 ad
1645 2327 1767 2381 quod

259 2394 413 2421 omnes
435 2383 608 2421 invitati
629 2382 906 2433 apophoreta
926 2381 1123 2434 duplicia
1143 2387 1507 2435 consequuntur.
1535 2385 1767 2424 remissam

257 2437 376 2476 enim
398 2440 682 2487 peccatorum
704 2438 943 2488 accipiunt,
965 2441 1009 2477 et
1027 2436 1107 2477 filii
1127 2437 1212 2477 Dei
1229 2436 1391 2478 fiuntss’

320 2489 335 2513 ὁ
368 2490 434 2530 Ev
437 2489 565 2530 odius
595 2504 685 2531 was
715 2491 875 2543 bishop
906 2492 957 2531 of
985 2491 1136 2532 Uzalis
1166 2491 1255 2532 and
1285 2505 1313 2532 a
1341 2492 1596 2544 prominent
1624 2491 1767 2545 figure

258 2558 426 2598 among
457 2545 532 2586 the
564 2544 716 2598 clergy
748 2546 800 2586 of
829 2545 1058 2587 Numidia.
1125 2546 1259 2594 Born,
1292 2545 1384 2587 like
1415 2546 1686 2600 Augustine‚
1718 2550 1767 2587 at

262 2613 359 2658 272
