1866 2964
755 175 846 222 ST.
883 175 1293 223 AUGUSTINE

266 310 564 354 innocentes
583 325 685 354 non
704 311 843 364 estis,
862 311 902 354 si
921 324 1114 354 sorores
1133 315 1344 364 vestras,
1363 325 1488 371 quas
1505 309 1775 356 indicando

266 389 517 449 corrigere
568 389 803 449 potestis,
853 386 1072 433 tacendo
1122 389 1288 449 perire
1339 389 1652 449 permittitis.
1722 385 1775 433 Si

269 467 404 510 enim
453 481 590 511 soror
637 471 728 511 tua
775 463 954 511 vulnus
1002 463 1219 511 haberet
1265 468 1318 510 in
1364 481 1590 528 corpore,
1638 465 1775 528 quod

265 541 420 589 vellet
445 541 718 598 occultare,
736 559 853 589 cum
878 546 1087 589 timeret
1112 546 1289 598 secari,
1306 560 1475 589 nonne
1500 542 1774 590 crudeliter

266 621 354 667 abs
420 628 475 667 te
541 620 776 667 sileretur
844 628 896 667 et
961 621 1357 668 misericorditer
1420 621 1772 685 indicaretur?

265 698 472 757 Quanto
527 715 648 762 ergo
701 702 871 761 potius
927 716 1040 745 eam
1094 700 1252 746 debes
1297 698 1654 761 *manifestare,
1706 715 1772 746 ne

262 780 590 838 perniciosius
616 784 881 840 putrescat
905 781 958 823 in
983 778 1133 824 corde
1155 777 1163 824 Ξ
1233 777 1335 824 Sed
1361 785 1639 840 antequam
1665 777 1772 824 aliis

261 856 641 902 demonstretur
665 872 757 918 per
777 873 902 918 quas
939 856 1284 902 convincenda
1311 863 1406 911 est,
1427 859 1467 902 si
1486 859 1771 919 negaverit,

258 935 397 995 prius
446 937 770 996 praepositae
820 934 978 981 debet
1027 934 1246 989 ostendi,
1285 937 1325 980 si
1374 933 1637 980 admonita
1681 950 1771 980 ne-

257 1010 479 1074 glexerit
526 1014 724 1075 corrigi,
768 1029 833 1058 ne
875 1010 1008 1059 forte
1050 1015 1210 1075 possit
1252 1015 1495 1059 secretius
1537 1019 1772 1074 correpta

257 1106 358 1136 non
400 1093 719 1136 innotescere
757 1093 956 1137 ceteris.
1027 1089 1077 1136 Si
1115 1098 1290 1137 autem
1327 1093 1611 1154 negaverit,
1646 1097 1770 1137 tunc

256 1171 530 1214 mentienti
587 1167 909 1215 adhibendae
961 1175 1080 1216 sunt
1132 1167 1278 1224 aliae,
1330 1176 1389 1215 ut
1437 1171 1540 1214 iam
1600 1186 1770 1215 coram

256 1247 489 1292 omnibus
517 1249 676 1308 possit
704 1263 806 1293 non
835 1247 898 1293 ab
927 1264 1028 1293 una
1056 1254 1193 1293 teste
1223 1250 1382 1309 argui,
1404 1247 1496 1293 sed
1516 1264 1544 1293 a
1571 1247 1768 1294 duabus

256 1324 519 1387 tribusque
568 1327 826 1379 convinci3
885 1327 1117 1371 convicta
1150 1341 1270 1371 vero
1306 1325 1587 1372 secundum
1623 1341 1769 1388 prae-

252 1404 450 1463 positae
470 1401 551 1448 vel
571 1405 729 1448 etiam
747 1404 1037 1466 presbyteri
1059 1403 1325 1449 arbitrium
1345 1403 1504 1450 debet
1528 1404 1768 1450 emenda-

252 1482 437 1526 toriam
454 1483 705 1526 sustinere
721 1480 999 1527 vindictam
1019 1496 1030 1536 3
1068 1497 1223 1544 quam
1244 1484 1284 1527 si
1302 1479 1437 1527 ferre
1456 1485 1769 1529 recusaverit

254 1564 308 1604 et
337 1560 376 1604 si
400 1560 508 1620 ipsa
533 1575 635 1604 non
659 1559 978 1615 abscesserit,
1004 1560 1068 1606 de
1093 1566 1263 1605 vestra
1286 1562 1534 1606 societate
1557 1563 1767 1623 proicia-

252 1642 350 1681 tur.
420 1635 535 1682 Non
574 1640 710 1682 enim
756 1643 810 1683 et
848 1636 942 1684 hoc
992 1637 1049 1683 fit
1097 1637 1388 1693 crudeliter,
1438 1638 1529 1685 sed
1575 1641 1767 1685 miseri-

252 1713 490 1769 corditer,
507 1730 571 1760 ne
589 1719 894 1779 contagione
915 1714 1163 1778 pestifera
1178 1715 1420 1778 plurimas
1435 1716 1636 1779 perdat.
1697 1717 1767 1764 Et

251 1790 346 1838 hoc
373 1793 510 1854 quod
546 1793 652 1839 dixi
678 1794 742 1840 de
769 1793 913 1841 oculo
939 1811 1042 1840 non
1073 1794 1296 1858 figendo,
1323 1797 1481 1841 etiam
1504 1798 1557 1840 in
1582 1799 1766 1842 ceteris

251 1870 585 1926 inveniendis,
637 1871 984 1934 prohibendis,
1044 1873 1346 1928 indicandis,
1409 1874 1765 1921 convincendis

251 1948 668 2012 vindicandisque
702 1954 925 2012 peccatis
974 1950 1249 2014 diligenter
1296 1951 1613 2007 observetur,
1649 1969 1764 1999 cum

250 2025 523 2073 dilectione
549 2026 812 2074 hominum
839 2036 893 2075 et
918 2029 1033 2075 odio
1071 2032 1324 2075 vitiorum.
1395 2029 1763 2094 Quaecumque

251 2111 426 2150 autem
451 2108 503 2150 in
538 2112 744 2152 tantum
769 2124 1039 2170 progressa
1064 2105 1220 2154 fuerit
1245 2106 1455 2163 malum,
1482 2115 1540 2154 ut
1566 2108 1763 2156 occulte

250 2183 313 2228 ab
341 2181 509 2245 aliquo
540 2182 737 2230 litteras
775 2184 856 2231 vel
894 2184 1158 2248 quaelibet
1193 2184 1493 2232 munuscula
1530 2189 1764 2249 accipiat,

249 2262 289 2305 si
314 2258 409 2306 hoc
429 2259 561 2307 ultro
588 2262 879 2318 confitetur,
904 2270 1143 2325 parcatur
1168 2262 1238 2308 illi
1265 2270 1318 2310 et
1344 2270 1517 2310 oretur
1531 2281 1623 2327 pro
1641 2263 1727 2311 illa
1750 2274 1763 2315 3

309 2385 327 2403 ‘²
358 2380 400 2420 A
439 2381 658 2422 favourite
695 2382 889 2434 thought
932 2384 983 2423 of
1017 2382 1333 2435 Augustine’s:
1384 2383 1438 2424 In
1467 2383 1543 2424 Pe.
1580 2387 1673 2425 138.
1703 2387 1759 2425 22

251 2434 276 2450 “
294 2447 374 2474 nec
398 2439 578 2487 propter
597 2438 704 2476 vitia
725 2436 927 2478 homines
948 2436 1106 2484 oderis,
1130 2451 1210 2478 nec
1228 2439 1336 2478 vitia
1355 2442 1536 2490 propter
1556 2438 1757 2480 homines

250 2487 480 2541 diligas”;
513 2489 567 2530 In
591 2490 666 2531 Ps.
695 2495 788 2532 118.
811 2496 851 2532 5.
879 2495 950 2540 24,
978 2494 1072 2538 Ῑ-Ξς
1098 2492 1153 2533 ib.
1187 2495 1281 2533 139.
1308 2495 1350 2540 2,
1379 2496 1459 2533 etc.
1515 2491 1591 2541 So,
1608 2497 1697 2542 too,
1716 2495 1761 2537 in

249 2543 324 2583 the
349 2543 636 2585 Benedictine
660 2545 789 2594 Rule‚
814 2549 868 2587 64
892 2546 917 2562 “
933 2546 1076 2587 oderit
1097 2548 1218 2595 vitia,
1241 2546 1400 2600 diligat
1419 2547 1625 2590 fratres.''

254 2623 347 2673 392
