1866 2964
773 211 865 261 ST.
904 211 1314 261 AUGUSTINE

283 347 378 393 tibi
398 353 579 402 restat,
599 353 657 393 ut
678 363 779 393 non
800 345 963 393 solum
983 345 1172 393 salubri
1192 349 1470 393 severitate
1490 345 1802 410 plectantur,

285 438 371 498 qui
413 453 635 483 errorem
673 435 816 482 illum
856 434 1145 482 Christiano
1184 434 1572 482 infestissimum
1611 436 1803 482 nomini

287 525 481 572 audent
516 528 708 589 garrire
742 524 968 581 liberius,
1005 525 1096 572 sed
1133 528 1290 572 etiam
1325 524 1377 571 hi
1413 518 1802 589 diligentissime

286 621 564 660 caveantur
596 613 861 678 vigilantia
898 613 1142 677 pastorali
1173 621 1385 677 propter
1415 613 1715 660 infirmiores
1749 618 1804 659 et

286 702 613 766 simpliciores
637 703 914 750 dominicas
937 720 1075 759 oves,
1098 706 1184 766 qui
1209 720 1327 750 eum
1348 706 1570 766 pressius
1594 702 1803 766 quidem

287 799 443 855 atque
480 793 724 848 timidius,
763 793 855 839 sed
890 799 1067 839 tamen
1091 795 1406 839 insusurrare
1443 810 1546 839 non
1579 797 1802 846 cessant,

286 888 621 944 penetrantes
665 882 860 938 domos,
908 884 1039 928 sicut
1083 884 1155 928 ait
1205 881 1482 945 apostolus,
1526 888 1581 928 et
1628 887 1805 927 cetera

289 987 421 1033 quae
485 977 788 1034 sequuntur,
853 973 1136 1017 exercitata
1203 973 1475 1034 impietate
1537 968 1803 1017 facientes.

289 1059 396 1105 Nec
433 1058 503 1105 illi
541 1058 853 1123 neglegendi
891 1067 1028 1116 sunt,
1067 1063 1153 1123 qui
1191 1077 1354 1124 usque
1393 1061 1459 1107 ad
1494 1057 1805 1123 profundum

289 1148 548 1194 silentium
605 1152 930 1212 supprimunt
985 1152 1169 1196 timore
1228 1149 1366 1213 quod
1415 1152 1664 1204 sentiunt,
1714 1147 1806 1194 sed

288 1244 465 1283 tamen
500 1238 718 1284 eandem
752 1241 1147 1300 perversitatem
1182 1241 1373 1285 sentire
1408 1255 1511 1285 non
1545 1238 1803 1285 desinunt.

290 1326 530 1372 Nonnulli
571 1330 761 1389 quippe
804 1344 997 1383 eorum,
1039 1334 1320 1391 antequam
1359 1330 1470 1390 ipsa
1508 1325 1807 1390 pestilentia

289 1414 704 1462 manifestissimo
727 1419 883 1462 etiam
906 1417 1038 1463 sedis
1062 1416 1370 1479 apostolicae
1391 1417 1576 1463 iudicio
1598 1416 1807 1463 damna-

289 1511 449 1560 retur,
511 1505 651 1551 vobis
723 1507 1044 1551 innotescere
1117 1512 1415 1568 potuerunt,
1484 1521 1610 1568 quos
1672 1520 1806 1550 nunc

290 1600 506 1656 repente
538 1596 801 1640 reticuisse
834 1597 1118 1657 perspicitis
1149 1611 1261 1650 nec,
1287 1601 1459 1641 utrum
1491 1596 1657 1640 sanati
1689 1596 1808 1648 sint,

291 1685 402 1729 sciri
440 1690 631 1745 potest,
664 1685 759 1729 nisi
796 1700 911 1729 cum
948 1700 1051 1730 non
1087 1683 1250 1730 solum
1276 1684 1522 1747 dogmata
1557 1682 1643 1729 illa
1678 1681 1807 1728 falsa

291 1775 565 1827 tacuerint,
602 1788 779 1818 verum
817 1775 974 1818 etiam
1010 1771 1105 1818 illis
1143 1789 1263 1819 vera
1299 1775 1553 1819 contraria
1590 1788 1668 1827 eo,
1706 1787 1806 1834 quo

291 1860 375 1906 illa
409 1860 592 1916 solent,
626 1861 795 1907 studio
833 1859 1229 1926 defensaverint.
1301 1861 1401 1920 Qui
1435 1868 1613 1908 tamen
1643 1859 1806 1907 lenius

293 1957 411 1996 sunt
440 1948 671 2012 profecto
700 1950 956 1997 tractandi
981 1965 992 2005 ;
1040 1950 1163 2013 quid
1192 1953 1327 1996 enim
1358 1967 1442 1997 eos
1472 1953 1652 1996 terreri
1681 1965 1807 2012 opus

295 2046 391 2094 est,
431 2055 556 2101 quos
596 2041 718 2085 satis
758 2042 963 2085 territos
1002 2042 1112 2101 ipsa
1150 2042 1473 2085 taciturnitas
1511 2038 1806 2085 monstrat?

295 2127 402 2173 Nec
428 2128 544 2174 ideo
572 2135 837 2191 tamquam
866 2131 975 2174 sani
1001 2128 1366 2190 praetereundi
1394 2134 1514 2174 sunt
1540 2126 1808 2191 diligentia

294 2217 596 2272 medicinae,
622 2233 835 2279 quorum
863 2215 1042 2262 vulnus
1072 2219 1124 2262 in
1157 2217 1331 2263 abdito
1364 2223 1457 2263 est.
1527 2216 1639 2263 Etsi
1672 2219 1806 2262 enim

296 2305 522 2351 terrendi
553 2322 653 2350 non
684 2312 820 2361 sunt,
850 2312 1028 2351 tamen
1058 2306 1274 2352 docendi
1304 2312 1424 2352 sunt
1454 2312 1525 2361 et,
1556 2311 1807 2368 quantum

297 2397 551 2449 existimo,
572 2392 766 2440 facilius
787 2401 1018 2456 possunt,
1039 2394 1159 2441 dum
1182 2397 1233 2440 in
1255 2397 1326 2440 eis
1347 2397 1499 2440 timor
1519 2396 1807 2440 severitatis

297 2483 558 2529 doctorem
607 2483 815 2528 adiuvat
868 2485 1116 2538 veritatis,
1164 2489 1222 2529 ut
1268 2481 1554 2546 opitulante
1602 2482 1807 2529 domino

849 2615 867 2633 ⁰
897 2612 923 2649 ,⁶2
945 2609 1060 2650 Tim.
1083 2611 1142 2650 iii.
1165 2611 1254 2651 6-8.

307 2671 398 2712 338
