1866 2964
751 158 842 206 ST.
881 156 1290 205 AUGUSTINE

260 311 451 351 sumus,
510 293 601 340 sed
661 309 746 339 vos
809 292 1033 355 benigne
1096 289 1305 336 credere
1362 291 1571 335 minime
1629 286 1770 334 dubi--

259 374 444 414 tamus.

726 590 820 637 No.
849 595 909 638 36
933 590 1049 654 (Ep.
1077 587 1309 651 CXLVI)

255 711 518 753 DOMINO
550 708 1001 752 DILECTISSIMO
1033 708 1110 749 ET
1141 704 1772 748 DESIDERANTISSIMO

391 775 623 817 FRATRI
657 773 934 815 PELAGIO
965 770 1378 814 AUGUSTINUS
1410 770 1478 811 IN
1509 769 1772 811 DOMINO

392 840 693 883 SALUTEM

326 960 529 1006 Gratias
573 976 669 1023 ago
705 957 982 1022 plurimum
1024 956 1162 1020 quod
1197 972 1280 1002 me
1316 955 1502 1002 litteris
1540 957 1642 1001 tuis
1686 969 1774 1000 ex-

255 1031 471 1078 hilarare
493 1032 734 1095 dignatus
757 1047 808 1076 es
832 1037 885 1076 et
905 1036 1103 1076 certum
1122 1027 1292 1074 facere
1313 1027 1378 1074 de
1399 1026 1563 1073 salute
1583 1033 1769 1072 vestra.

256 1103 529 1150 Retribuat
581 1103 675 1149 tibi
727 1102 961 1149 dominus
1013 1101 1165 1156 bona,
1217 1099 1400 1162 quibus
1452 1114 1655 1160 semper
1705 1100 1770 1144 sis

254 1175 435 1231 bonus,
454 1181 507 1221 et
532 1190 647 1220 cum
670 1173 754 1219 illo
780 1180 991 1219 aeterno
1015 1174 1152 1218 vivas
1175 1174 1227 1217 in
1251 1177 1539 1225 aeternum,
1563 1169 1769 1216 domine

255 1247 582 1294 dilectissime
617 1253 669 1292 et
703 1245 1170 1292 desiderantissime
1203 1241 1378 1289 frater.
1447 1241 1560 1305 Ego
1593 1248 1769 1288 autem

255 1322 351 1366 etsi
384 1322 436 1365 in
469 1335 552 1364 me
586 1334 688 1364 non
722 1334 940 1381 agnosco
973 1318 1244 1379 praeconia
1278 1315 1342 1362 de
1375 1331 1460 1361 me
1492 1321 1601 1370 tua,
1635 1329 1768 1376 quae

253 1398 377 1437 tuae
414 1391 750 1454 benignitatis
789 1388 1008 1451 epistula
1044 1389 1292 1442 continet,
1323 1385 1559 1433 benivolo
1590 1392 1768 1432 tamen

253 1465 421 1509 animo
468 1479 589 1525 erga
636 1464 976 1524 exiguitatem
1019 1476 1190 1507 meam
1233 1462 1464 1522 ingratus
1510 1474 1621 1505 esse
1664 1473 1767 1504 non

251 1550 474 1596 possum,
504 1533 653 1580 simul
682 1534 961 1580 admonens
991 1539 1049 1578 ut
1076 1534 1246 1594 potius
1276 1547 1387 1577 ores
1415 1547 1506 1593 pro
1533 1546 1636 1586 me,
1665 1546 1766 1593 quo

252 1604 367 1652 talis
394 1622 421 1651 a
447 1605 651 1652 domino
678 1604 813 1660 fiam,
839 1603 1044 1668 qualem
1067 1620 1151 1650 me
1175 1606 1278 1649 iam
1303 1619 1413 1649 esse
1439 1602 1713 1648 arbitraris.

317 1675 402 1741 [Et
449 1675 548 1722 alia
590 1675 751 1740 manu]
803 1676 1007 1722 Memor
1045 1678 1204 1722 nostri
1251 1674 1515 1721 incolumis
1558 1673 1764 1720 domino

250 1748 471 1811 placeas,
531 1749 736 1795 domine
796 1747 1123 1795 dilectissime
1185 1753 1238 1794 et
1297 1746 1763 1793 desiderantissime

249 1819 424 1867 frater.

314 1985 457 2026 “The
480 1985 743 2026 heresiarch.
800 1985 952 2025 Born'
943 1999 987 2024 in
1013 1984 1199 2032 Britain,
1223 1983 1278 2024 he
1300 1997 1390 2024 was
1412 1987 1459 2024 at
1481 1983 1625 2024 Rome
1644 1984 1762 2024 from

255 2039 395 2080 about
425 2043 504 2080 401
541 2044 587 2080 to
618 2043 717 2088 409,
748 2039 878 2080 when
910 2041 954 2079 in
986 2051 1291 2091 consequence
1321 2039 1373 2078 of
1397 2037 1473 2078 the
1502 2036 1762 2078 threatened

253 2096 328 2134 inv
331 2096 455 2134 asion
480 2095 541 2146 by
566 2094 731 2140 Alaric,
756 2094 811 2134 he
834 2093 1063 2134 withdrew
1087 2098 1132 2134 to
1157 2091 1295 2144 Sicily
1318 2091 1408 2132 and
1431 2091 1692 2133 afterwards
1715 2096 1762 2132 to

254 2149 421 2190 Africa.
482 2149 552 2189 He
578 2148 735 2189 visited
765 2149 917 2201 Hippo
942 2148 1070 2188 when
1095 2148 1350 2200 Augustino
1372 2160 1463 2187 was
1487 2146 1659 2194 absent,
1680 2146 1763 2187 but

253 2203 360 2255 they
377 2207 466 2243 met
481 2203 617 2243 later
607 2217 652 2243 ln
669 2203 906 2255 Carthage.
941 2202 1148 2254 Pelagius
1164 2215 1272 2242 soon
1288 2201 1425 2242 sailed
1440 2202 1509 2241 for
1525 2177 1761 2249 Palestine,

256 2257 337 2297 but
366 2257 432 2297 his
459 2259 592 2298 views
619 2272 732 2298 were
758 2256 1036 2298 condemned
1065 2257 1126 2308 by
1151 2256 1227 2297 the
1254 2255 1440 2296 Council
1465 2257 1516 2296 of
1538 2255 1762 2308 Carthage

257 2313 301 2352 in
331 2314 430 2353 412.
491 2313 745 2365 Augustine
765 2311 917 2364 joined
948 2314 992 2352 in
1020 2311 1094 2352 the
1118 2315 1418 2362 controversy,
1443 2309 1532 2350 and
1561 2309 1760 2350 between

253 2366 327 2406 the
353 2365 539 2406 Council
563 2366 653 2407 and
677 2366 752 2407 the
777 2368 954 2418 writing
977 2366 1029 2406 of
1047 2365 1135 2406 this
1158 2364 1286 2405 letter
1308 2369 1444 2405 wrote
1468 2364 1536 2406 his
1558 2366 1759 2405 treatises

253 2420 318 2460 De
340 2420 621 2462 Pace-acorum
649 2420 827 2461 Meritis
850 2420 938 2461 and
962 2420 1027 2460 De
1051 2419 1229 2472 Spiritu
1251 2423 1290 2460 et
1311 2419 1497 2460 Littera.
1551 2417 1758 2472 Pelagius

259 2609 354 2657 266
