1850 2964
819 196 909 244 ST.
947 195 1355 245 AUGUSTINE

331 328 496 392 plicia,
529 336 806 393 ceteraque
837 333 1008 376 omnia
1038 331 1220 394 quibus
1250 329 1531 377 humanum
1560 345 1722 394 genus
1753 329 1840 376 ad-

332 401 651 444 ministratur
705 405 758 445 et
808 402 1022 462 regitur,
1073 402 1279 461 penitus
1330 396 1630 445 labefactari
1681 404 1839 461 atque

332 466 559 512 subverti
590 465 816 530 nihilque
853 470 906 512 in
939 470 1009 513 eis
1042 470 1246 514 omnino
1292 469 1520 513 iustitiae
1554 481 1839 521 remanere,

331 537 425 580 nisi
485 533 717 581 voluntas
776 538 842 581 sit
900 552 1052 581 causa
1110 535 1370 598 peccandi.
1447 534 1656 594 Quanto
1716 550 1838 598 ergo

329 601 563 649 licentius
616 610 669 649 et
721 606 930 666 aequius
981 602 1463 650 mathematicorum
1511 602 1838 666 inprobamus

332 687 543 726 errores,
594 688 748 734 quam
799 672 993 718 divinas
1042 671 1184 735 leges
1233 671 1313 718 vel
1365 674 1520 718 etiam
1571 671 1837 718 domorum

329 746 618 786 nostrarum
657 756 830 785 curam
870 740 1113 786 damnare
1155 747 1311 803 atque
1352 740 1553 786 abicere
1592 742 1837 803 cogimur,

331 808 467 870 quod
526 824 620 854 nec
683 810 778 870 ipsi
832 807 1186 855 mathematici
1238 806 1463 854 faciunt!
1537 807 1670 853 Nam
1721 824 1837 854 cum

330 875 508 939 aliquis
538 892 712 922 eorum
739 875 1026 923 hominibus
1054 879 1330 923 nummatis
1357 874 1503 923 fatua
1527 874 1638 922 fata
1662 875 1838 922 vendi-

329 944 480 1000 derit,
510 961 630 990 mox
661 951 719 990 ut
750 944 951 991 oculum
984 961 1012 990 a
1041 944 1244 991 tabellis
1283 945 1519 991 eburneis
1555 944 1621 991 ad
1657 943 1836 991 domus

329 1029 450 1058 suae
484 1013 818 1059 moderamen
852 1030 909 1059 ac
944 1012 1336 1060 sollicitudinem
1368 1014 1700 1068 revocaverit,
1733 1028 1836 1058 non

329 1079 491 1126 solum
533 1081 738 1127 vocibus
782 1081 873 1127 sed
915 1084 1072 1127 etiam
1113 1080 1277 1145 plagis
1321 1081 1565 1128 emendat
1605 1096 1836 1136 uxorem,

328 1165 430 1195 non
455 1149 566 1195 dico
594 1151 633 1195 si
659 1148 975 1211 petulantius
1002 1152 1274 1205 iocantem,
1296 1149 1387 1196 sed
1405 1152 1445 1195 si
1469 1148 1835 1196 inmoderatius

327 1233 419 1279 per
467 1215 748 1263 fenestram
799 1220 1132 1280 aspicientem
1183 1218 1618 1264 animadverterit.
1688 1216 1835 1276 Quae

327 1292 505 1331 tamen
545 1288 585 1331 si
627 1288 673 1331 ei
714 1285 885 1332 dicat:
946 1285 1137 1344 “Quid
1175 1302 1259 1332 me
1300 1286 1511 1332 caedis?
1578 1284 1835 1332 Venerem

327 1353 503 1409 caede,
535 1356 575 1399 si
605 1360 772 1416 potes,
805 1370 833 1399 a
865 1370 967 1417 qua
997 1371 1150 1418 cogor
1178 1352 1273 1400 hoc
1304 1352 1527 1410 facere,'’
1560 1360 1684 1400 tunc
1714 1369 1834 1400 vero

325 1420 409 1467 ille
439 1438 542 1467 non
572 1428 733 1477 curat,
765 1438 919 1484 quam
950 1439 1081 1468 vana
1110 1423 1266 1468 verba
1296 1428 1570 1485 componat
1597 1419 1832 1468 fallendis

328 1492 602 1545 extraneis,
650 1490 740 1536 sed
787 1507 940 1553 quam
986 1493 1122 1537 iusta
1167 1491 1381 1537 verbera
1425 1493 1639 1554 inponat
1683 1492 1833 1536 corri—

325 1558 505 1622 gendis
531 1561 646 1604 suis.

275 1632 300 1671 3
391 1625 608 1684 Quando
650 1642 771 1689 ergo
812 1629 1045 1689 quisque,
1085 1643 1201 1672 cum
1240 1625 1548 1690 reprehendi
1586 1628 1832 1690 coeperit,

227 1698 230 1700 ’
324 1710 528 1741 causam
551 1697 803 1741 convertit
824 1697 875 1740 in
892 1693 1058 1741 fatum
1082 1701 1135 1741 et
1155 1695 1272 1742 ideo
1293 1711 1346 1743 se
1368 1693 1560 1758 culpari
1580 1711 1683 1741 non
1703 1693 1831 1750 vult,

324 1765 443 1826 quia
471 1760 580 1809 fato
614 1779 666 1808 se
701 1762 824 1809 dicit
857 1770 1091 1809 coactum
1124 1760 1305 1810 fecisse
1333 1763 1387 1810 id
1415 1762 1553 1826 quod
1582 1765 1830 1827 arguitur,

384 1937 403 1956 ‘²
438 1932 776 1973 Mathematicus
806 1934 896 1973 ‘was
925 1932 1001 1974 the
1029 1932 1220 1985 popular
1249 1937 1361 1974 term
1390 1934 1460 1974 for
1490 1932 1516 1950 “
1536 1932 1781 1986 astrologer
1801 1932 1828 1950 ’⁹

323 1986 440 2027 from
460 1987 535 2027 the
552 1989 659 2027 time
679 1989 729 2028 of
743 1987 922 2028 Tacitus
942 1987 1031 2027 and
1050 1987 1258 2036 Juvenal,
1278 1988 1368 2029 and
1387 1988 1640 2041 Augustine
1657 1987 1829 2028 follows

325 2042 451 2082 other
469 2044 636 2082 writers
656 2043 700 2082 in
720 2041 977 2094 explaining
995 2042 1093 2083 that
1110 2043 1185 2083 the
1203 2056 1366 2095 proper
1382 2047 1495 2084 term
1514 2045 1550 2084 is
1566 2043 1829 2094 genethliaci

324 2097 467 2147 (Doct.
498 2096 599 2137 Chr.
622 2098 666 2136 ii.
691 2100 761 2137 21.
787 2100 840 2137 32
862 2113 872 2143 ς
910 2097 1013 2137 Dic.
1043 2097 1217 2146 Quczest.
1242 2097 1328 2138 xlv.
1353 2098 1414 2149 2).
1466 2097 1520 2138 In
1549 2097 1677 2150 Conf.
1703 2099 1759 2138 iv.
1785 2100 1827 2145 3,

324 2151 380 2192 he
399 2151 496 2191 tells
516 2151 615 2191 how
635 2151 690 2191 he
710 2165 819 2192 once
839 2151 1068 2192 consulted
1089 2151 1355 2204 astrologers
1374 2151 1565 2193 himself.
1615 2152 1687 2192 He
1705 2152 1829 2193 often

324 2205 404 2246 has
430 2208 634 2246 occasion
659 2210 705 2246 to
731 2208 856 2258 point
881 2210 960 2246 out
984 2206 1059 2246 the
1083 2206 1318 2258 absurdity
1342 2208 1393 2247 of
1413 2206 1526 2248 their
1551 2207 1826 2259 pretensions

324 2260 450 2311 (Gen.
477 2261 535 2299 acl
557 2260 664 2300 Litt.
686 2262 727 2300 2.
751 2264 836 2306 35;
876 2261 930 2300 Ιη
955 2260 1077 2301 Ιοαη.
1100 2260 1182 2301 Er.
1210 2264 1248 2302 8.
1282 2265 1328 2302 11
1352 2278 1363 2309 ς
1403 2261 1457 2301 In
1486 2261 1562 2302 Ps.
1587 2263 1656 2302 40.
1687 2263 1729 2309 3,
1755 2264 1824 2302 61.

322 2318 393 2361 923,
427 2317 519 2355 140.
549 2318 574 2355 9
604 2314 748 2354 where
776 2314 831 2355 he
858 2319 1031 2367 repeats
1057 2329 1165 2367 very
1193 2315 1347 2367 nearly
1373 2315 1449 2356 the
1475 2314 1620 2356 words
1653 2316 1706 2356 of
1736 2315 1825 2356 this

323 2368 478 2409 letter:
528 2369 553 2385 “
575 2369 916 2410 mathematicus
947 2371 983 2410 si
1014 2384 1196 2410 uxorem
1227 2383 1355 2411 suam
1385 2369 1521 2423 paulo
1551 2369 1824 2422 petulantius

321 2423 480 2463 viderit
497 2426 747 2464 conversari
778 2455 787 2464 .
823 2455 832 2464 .
867 2455 876 2464 .
910 2428 989 2464 aut
1007 2425 1247 2465 fenestram
1268 2424 1423 2465 crebro
1442 2428 1653 2477 repetere,
1673 2437 1822 2465 nonne

322 2480 490 2529 arripit,
511 2478 728 2526 verberat,
751 2482 794 2518 et
813 2478 891 2518 dat
916 2478 1230 2530 disciplinam?
1284 2478 1571 2532 Respondeat
1594 2478 1657 2519 illi
1680 2492 1820 2520 uxor:

323 2532 333 2548 ⁴
355 2532 402 2573 Si
423 2536 562 2584 potes,
584 2532 803 2573 Venerem
824 2532 974 2581 caede,
996 2547 1084 2573 non
1106 2547 1178 2574 me
1197 2533 1207 2550 ’
1229 2533 1255 2549 '⁹
1274 2550 1286 2581 ς
1322 2533 1408 2586 Ep.
1429 2533 1487 2574 lv.
1513 2536 1655 2581 12-13,
1675 2533 1822 2574 where

322 2586 378 2627 he
400 2591 573 2639 repeats
598 2587 665 2628 his
689 2592 926 2640 argument
949 2588 1047 2629 that
1068 2592 1115 2629 to
1138 2586 1306 2630 believe
1328 2587 1451 2628 them
1475 2590 1511 2629 is
1534 2591 1580 2628 to
1603 2587 1724 2640 deny
1745 2587 1823 2629 the

323 2667 418 2709 484
