1866 2964
767 186 858 234 ST.
897 187 1306 235 AUGUSTINE

278 321 571 366 continetur
612 326 666 366 et
707 319 994 382 apostolicis
1036 321 1353 368 sermonibus
1393 319 1700 378 declaratur,
1739 320 1792 369 id

280 397 358 436 est
395 407 510 437 cum
545 394 896 438 invenirentur
932 399 1109 438 contra
1145 392 1229 439 dei
1264 395 1486 456 gratiam
1521 392 1789 456 disputari,

277 469 488 525 propter
523 479 677 526 quam
712 462 986 510 Christiani
1020 480 1192 510 sumus
1229 471 1282 510 et
1315 466 1367 510 in
1402 480 1503 527 qua
1536 463 1703 528 spiritu
1737 479 1793 510 ex

262 532 371 596 fide
424 550 551 598 spem
609 534 815 581 iustitiae
873 542 1184 599 expectamus,
1246 542 1300 582 et
1359 535 1791 583 admonitionibus

279 609 462 652 nostris
498 609 785 668 inciperent
823 607 1101 662 emendari,
1139 607 1396 654 dederunt
1430 606 1555 653 mihi
1590 606 1794 662 librum,

280 693 435 739 quem
464 679 694 725 eiusdem
728 678 922 742 Pelagii
952 695 1061 725 esse
1090 678 1350 735 dixerunt,
1377 686 1620 743 rogantes
1654 686 1713 726 ut
1747 680 1794 724 ei

278 752 448 810 potius
503 750 884 812 responderem.
955 750 1107 808 Quod
1159 757 1501 814 posteaquam
1554 750 1657 798 vidi
1709 765 1794 796 me

279 818 448 866 facere
491 821 699 877 debere,
741 828 799 867 ut
842 838 901 868 eo
942 822 1094 868 modo
1137 838 1274 868 error
1314 824 1423 884 ipse
1464 820 1688 868 nefarius
1729 821 1795 868 de

280 892 513 938 cordibus
568 909 743 939 eorum
793 892 1072 955 perfectius
1125 891 1431 950 auferretur,
1481 893 1585 957 legi
1637 899 1795 956 atque

279 965 534 1026 respondi.

230 1041 254 1080 3
346 1034 407 1080 In
452 1034 548 1082 hoc
591 1034 719 1082 libro
765 1034 849 1082 ille
896 1036 980 1084 dei
1025 1039 1246 1099 gratiam
1288 1053 1390 1083 non
1432 1034 1659 1099 appellat
1701 1036 1797 1081 nisi

279 1113 536 1163 naturam,
575 1124 677 1170 qua
713 1107 872 1154 libero
912 1108 1121 1154 arbitrio
1159 1108 1351 1155 conditi
1389 1124 1577 1155 sumus.
1649 1106 1797 1153 Illam

280 1194 416 1234 vero,
489 1195 644 1242 quam
714 1179 1169 1226 innumerabilibus
1241 1182 1548 1226 testimoniis
1619 1184 1798 1225 sancta

280 1253 530 1312 scriptura
555 1251 883 1298 commendat
909 1267 970 1298 ea
993 1268 1084 1298 nos
1109 1251 1388 1307 iustificari,
1413 1250 1509 1298 hoc
1534 1257 1614 1298 est
1636 1252 1796 1297 iustos

283 1321 392 1367 fieri
421 1322 608 1370 docens
640 1330 694 1369 et
722 1326 774 1369 in
804 1325 942 1369 omni
975 1339 1129 1386 opere
1163 1323 1297 1370 bono
1327 1326 1431 1370 sive
1462 1322 1663 1387 agendo
1692 1323 1797 1368 sive

282 1393 593 1455 perficiendo
654 1395 738 1442 dei
796 1394 1143 1441 misericordia
1201 1397 1379 1452 iuvari,
1440 1394 1578 1458 quod
1638 1395 1796 1440 etiam

283 1468 538 1512 orationes
579 1474 873 1513 sanctorum
913 1469 1232 1530 apertissime
1274 1467 1573 1523 ostendunt,
1614 1465 1797 1530 quibus

285 1553 346 1583 ea
370 1544 620 1600 petuntur
647 1555 676 1584 a
702 1538 924 1594 domino,
952 1553 1084 1601 quae
1109 1541 1494 1601 praecipiuntur
1520 1555 1549 1584 a
1574 1538 1798 1592 domino,

285 1607 415 1654 hanc
445 1625 565 1672 ergo
593 1613 814 1673 gratiam
841 1626 944 1655 non
971 1608 1137 1655 solum
1164 1616 1323 1666 tacet,
1351 1609 1442 1656 sed
1470 1612 1517 1656 ei
1544 1611 1798 1656 contraria

283 1680 447 1727 multa
470 1680 709 1744 loquitur.
780 1681 1036 1728 Adfirmat
1061 1683 1197 1727 enim
1220 1680 1658 1745 vehementerque
1682 1695 1799 1727 con-

285 1753 455 1799 tendit
493 1769 586 1816 per
624 1752 787 1799 solum
825 1753 1042 1800 liberum
1082 1753 1349 1800 arbitrium
1387 1753 1483 1799 sibi
1519 1751 1798 1799 humanam

285 1824 513 1871 sufficere
549 1841 697 1887 posse
733 1832 971 1872 naturam
1008 1824 1073 1871 ad
1109 1825 1422 1888 operandam
1456 1827 1707 1872 iustitiam
1743 1829 1798 1869 et

284 1900 454 1942 onmia
515 1897 598 1943 dei
658 1897 905 1944 mandata
966 1897 1230 1943 servanda.
1303 1896 1456 1943 Unde
1517 1898 1629 1960 quis
1690 1911 1793 1942 non

283 1968 473 2024 videat,
498 1985 613 2014 cum
640 1969 861 2016 eundem
885 1968 1069 2015 librum
1093 1967 1296 2032 legerit,
1322 1984 1477 2031 quem
1501 1968 1567 2015 ad
1589 1967 1799 2014 modum

285 2047 613 2104 oppugnetur
671 2043 839 2104 gratia
886 2040 987 2096 dei,
1047 2040 1111 2087 de
1166 2057 1268 2104 qua
1327 2040 1451 2087 dicit
1504 2038 1799 2103 apostolus:

284 2110 441 2158 iWiser
473 2129 557 2176 ego
591 2112 724 2158 homo
746 2115 764 2158 l
832 2111 951 2165 Quis
984 2128 1054 2158 me
1088 2110 1298 2159 liberabit
1330 2110 1387 2158 de
1419 2127 1609 2176 corpore
1641 2109 1802 2157 mortis

285 2182 422 2230 huius
444 2184 466 2229 ,9
545 2183 715 2230 Gratia
781 2182 855 2230 dei
917 2199 1003 2247 per
1069 2182 1304 2230 dominum
1369 2189 1577 2231 nostrum
1644 2182 1800 2229 Iesum

290 2254 541 2311 Christum,
567 2262 619 2301 et
642 2254 807 2302 nullus
830 2254 967 2301 locus
994 2255 1163 2301 divino
1188 2255 1439 2301 adiutorio
1463 2253 1800 2317 relinquatur,

286 2333 496 2388 propter
550 2327 686 2390 quod
735 2333 939 2373 orantes
988 2326 1157 2373 dicere
1206 2326 1522 2373 debeamus:
1586 2324 1663 2372 Ne
1709 2341 1796 2372 nos

286 2397 471 2462 inferas
515 2397 563 2444 in
609 2397 964 2461 temptationem,
1010 2400 1118 2443 sine
1164 2413 1317 2444 causa
1362 2400 1519 2444 etiam
1564 2397 1798 2443 dominus

465 2531 483 2549 ⁰
515 2525 615 2566 Gal.
638 2540 679 2566 v.
703 2529 742 2566 5.
1179 2525 1194 2550 ¹³
1229 2524 1359 2565 Rom.
1382 2525 1455 2565 vii.
1478 2526 1625 2565 24-25.

707 2586 720 2604 ⁶
757 2581 888 2621 Matt.
912 2581 968 2621 vi.
998 2583 1078 2627 133
1113 2578 1243 2621 Luke
1264 2581 1320 2620 xi.
1344 2582 1384 2620 4.

300 2649 394 2692 308
