1850 2964
776 195 868 243 ST.
906 195 1314 244 AUGUSTINE

292 329 372 377 vel
419 330 850 385 deberem,-—non
898 328 1106 392 quidem
1152 330 1340 374 invitus
1383 330 1597 390 accepit,
1642 328 1799 395 immo

295 423 452 466 etiam
492 418 780 483 gratulatus
823 425 936 474 est3
994 417 1087 464 sed
1124 420 1233 464 iure
1275 419 1527 463 amicitiae
1567 432 1670 463 non
1707 418 1800 462 im-

293 516 511 571 portune
560 507 739 563 doluit,
787 507 925 570 quod
972 509 1043 553 eis
1089 505 1215 552 nihil
1258 506 1378 553 inde
1425 508 1491 552 sit
1536 507 1796 568 scriptum.

294 598 540 644 Fortassis
568 600 721 652 enim,
747 612 879 659 quae
905 613 1039 642 nunc
1064 613 1166 642 non
1192 602 1424 658 apparet,
1451 594 1719 658 apparebit
1745 600 1800 640 et

291 694 476 742 mater,
511 689 651 732 cuius
686 684 1006 732 voluntatem
1040 687 1093 730 in
1126 684 1379 731 tradenda
1412 683 1514 730 filia
1547 684 1798 739 omnibus,

293 783 351 823 ut
387 777 619 831 arbitror,
654 781 839 821 natura
872 776 1161 837 praeponit,
1195 776 1289 820 nisi
1326 773 1509 820 eadem
1541 771 1713 836 puella
1745 775 1799 818 in

293 882 352 911 ea
379 868 481 911 iam
508 871 682 911 aetate
707 862 864 910 fuerit
888 871 946 910 ut
969 867 1078 910 iure
1097 862 1360 909 licentiore
1387 863 1481 909 sibi
1507 861 1665 926 eligat
1687 864 1799 925 ipsa

292 955 430 1018 quod
450 953 586 1000 velit.
657 953 791 1000 Illud
811 969 1014 1016 quoque
1039 955 1234 1016 cogitet
1259 954 1520 999 sinceritas
1545 958 1653 1007 tua,
1679 953 1799 1014 quia

292 1047 332 1090 si
364 1043 487 1090 mihi
521 1043 585 1090 de
618 1046 809 1105 nuptiis
843 1045 950 1089 eius
982 1049 1212 1106 potestas
1246 1058 1445 1088 summa
1477 1057 1534 1087 ac
1566 1047 1679 1088 tota
1710 1043 1800 1087 tri-

293 1134 482 1179 buatur
525 1140 681 1196 atque
723 1135 833 1196 ipsa
876 1147 1079 1196 quoque
1121 1134 1223 1177 iam
1263 1137 1467 1177 matura
1509 1137 1562 1176 et
1603 1130 1798 1177 nubere

290 1222 481 1278 volens,
523 1225 604 1269 cui
645 1220 871 1277 voluero,
914 1237 968 1268 se
1009 1220 1315 1267 tradendam
1356 1220 1451 1266 sub
1493 1219 1590 1266 deo
1630 1219 1797 1266 iudice

291 1310 414 1358 mihi
443 1314 752 1383 committat,
781 1313 850 1357 sic
878 1311 989 1358 dico
1019 1317 1073 1357 et
1101 1326 1277 1356 verum
1306 1309 1417 1356 dico
1444 1307 1569 1355 mihi
1594 1307 1797 1372 placere

291 1404 443 1448 istam
484 1384 850 1456 condicionem,
892 1407 951 1446 ut
990 1406 1200 1462 propter
1241 1399 1395 1446 deum
1434 1398 1655 1445 iudicem
1694 1415 1797 1445 non

291 1493 479 1553 possim
510 1506 751 1552 respuere
782 1488 1060 1536 meliorem.
1132 1488 1277 1547 Quae
1310 1495 1482 1534 utrum
1515 1487 1798 1534 adventura

292 1583 376 1636 sit,
411 1582 591 1643 utique
625 1582 878 1625 incertum
915 1585 1008 1625 est.
1079 1577 1405 1641 Quapropter
1438 1577 1579 1624 videt
1613 1579 1797 1624 caritas

289 1675 382 1715 tua
414 1675 608 1732 quanta
638 1667 1005 1715 consideranda
1034 1673 1353 1722 concurrant,
1384 1673 1442 1713 ut
1477 1682 1611 1713 nunc
1648 1682 1678 1712 a
1711 1682 1796 1713 me

290 1761 527 1821 cuiquam
550 1760 782 1821 promitti
807 1760 1011 1804 omnino
1035 1773 1136 1802 non
1158 1758 1333 1819 possit.

728 1971 821 2019 No.
850 1976 910 2026 59
935 1971 1050 2035 (Ep.
1078 1970 1359 2034 CCLVIII)

300 2081 562 2123 DOMINO
596 2081 841 2122 MERITO
873 2079 1293 2122 SUSCIPIENDO
1324 2080 1401 2120 ET
1428 2080 1495 2121 IN
1524 2080 1794 2122 CHRISTO

417 2145 869 2187 DILECTISSIMO
892 2145 971 2186 AC
997 2144 1625 2186 DESIDERANTISSIMO
1651 2145 1797 2186 FRA-

418 2211 522 2252 TRI
572 2210 913 2251 MARCIANO
962 2208 1373 2251 AUGUSTINUS
1420 2209 1487 2250 IN
1533 2209 1794 2251 DOMINO

421 2276 721 2317 SALUTEM

248 2402 265 2439 1
358 2395 574 2458 Abripui
628 2393 708 2441 vel
759 2397 929 2458 potius
983 2394 1210 2456 subripui
1263 2399 1317 2440 et
1370 2393 1592 2456 quodam
1643 2393 1796 2441 modo

354 2583 372 2601 ‘²
401 2577 509 2619 This
530 2579 566 2619 is
588 2577 663 2619 the
685 2577 791 2630 only
812 2576 939 2630 place
960 2577 1105 2619 where
1129 2576 1388 2618 Marcianus
1410 2578 1445 2617 is
1468 2575 1737 2619 mentioned.

300 2659 396 2707 490
