1850 2964
787 179 878 227 ST.
916 178 1326 227 AUGUSTINE

304 312 547 376 Neptuno
569 315 799 359 ‘vetitum
830 311 1063 376 legimus.
1135 311 1449 358 Moneantur
1479 312 1686 357 interim
1717 312 1810 356 mi-

304 395 420 447 seri,
447 398 523 447 ut,
551 394 591 437 si
619 392 977 453 obtemperare
1004 389 1185 436 nolunt
1210 392 1498 452 praeceptis
1526 388 1811 435 salubriori-

298 471 410 525 bus,
431 469 613 516 saltem
633 468 896 532 sacrilegia
915 485 1006 514 sua
1024 485 1126 514 non
1145 466 1446 523 defendant,
1461 483 1526 513 ne
1545 469 1736 513 maiore
1757 482 1811 512 se

305 547 495 594 scelere
537 547 815 610 implicent.
887 546 1024 605 Quid
1065 553 1240 592 autem
1282 563 1398 592 cum
1440 548 1511 592 eis
1554 545 1811 609 agendum

306 630 388 682 sit,
422 629 462 672 si
495 625 687 672 solvere
720 629 922 671 inaures
955 628 1144 671 timent
1177 632 1231 671 et
1263 641 1443 687 corpus
1477 623 1665 670 Christi
1696 639 1813 669 cum

306 707 449 768 signo
475 703 662 751 diaboli
687 707 916 766 accipere
941 720 1044 749 non
1066 706 1254 749 timent
1277 703 1295 749 ?

371 782 453 829 De
488 782 768 829 ordinando
805 789 997 837 autem,
1033 784 1120 845 qui
1152 784 1205 827 in
1237 787 1386 844 parte
1422 780 1615 827 Donati
1647 780 1816 842 bapti-

306 868 450 907 zatus
491 868 586 916 est,
626 868 802 906 auctor
839 861 934 906 tibi
974 876 1084 906 esse
1123 877 1224 906 non
1262 874 1504 923 possum3
1560 857 1699 905 aliud
1736 864 1816 904 est

308 942 444 985 enim
468 937 655 994 facere,
680 941 720 984 si
744 941 956 1003 cogaris,
982 937 1119 985 aliud
1142 937 1405 984 consulere
1429 944 1488 984 ut
1510 935 1681 984 facias.

746 1194 840 1241 No.
871 1201 930 1243 57
957 1195 1072 1258 (Ep.
1102 1194 1379 1260 CCXLVI)

681 1314 1019 1356 LAMPADIO
1050 1313 1464 1357 AUGUSTINUS

263 1453 281 1491 1
375 1446 456 1492 De
483 1448 784 1508 quaestione
810 1443 904 1491 fati
931 1461 988 1491 ac
1012 1443 1268 1501 fortunae,
1294 1461 1396 1508 qua
1419 1451 1566 1491 tuum
1593 1446 1818 1490 animum

308 1541 409 1570 non
440 1523 622 1570 leviter
653 1526 847 1570 moveri
880 1530 950 1580 et,
983 1540 1099 1570 cum
1129 1539 1372 1586 praesens
1406 1539 1588 1579 essem,
1621 1522 1820 1569 adverti

309 1609 363 1648 et
415 1618 549 1648 nunc
601 1605 702 1648 tuis
754 1601 940 1648 litteris
992 1604 1188 1666 gratius
1241 1604 1533 1664 certiusque
1586 1602 1818 1664 cognovi,

307 1683 611 1743 rescriptum
657 1681 752 1726 tibi
799 1697 901 1726 non
947 1683 1090 1743 parvi
1136 1679 1403 1726 voluminis
1450 1680 1635 1735 debeo,
1682 1678 1820 1742 quod

310 1759 543 1805 dominus
566 1759 851 1821 praestabit
875 1766 933 1805 ut
955 1762 1029 1805 ita
1053 1758 1321 1822 explicem,
1345 1774 1499 1821 quem
1523 1757 1588 1804 ad
1609 1757 1819 1804 modum

309 1840 451 1883 novit
480 1837 574 1883 tibi
603 1853 884 1900 congruere
915 1853 972 1883 ac
1001 1836 1153 1884 saluti
1183 1837 1302 1884 fidei
1330 1843 1468 1883 tuae.
1538 1835 1654 1882 Non
1683 1837 1819 1882 enim

309 1932 522 1978 parvum
554 1914 746 1961 malum
780 1922 859 1962 est
890 1918 1139 1978 perversis
1172 1915 1491 1978 opinionibus
1523 1931 1626 1960 non
1656 1913 1819 1960 solum

312 1994 377 2040 ad
393 1994 820 2040 committendum
838 1993 1190 2040 blandimento
1211 1992 1486 2056 voluptatis
1511 1993 1709 2049 adduci,
1729 1991 1822 2038 sed

313 2075 471 2118 etiam
516 2072 582 2118 ad
626 2070 1011 2118 defendendum
1053 2079 1325 2135 peccatum
1370 2088 1400 2118 a
1442 2070 1821 2118 medicamento

312 2148 639 2196 confessionis
665 2153 842 2196 averti.

263 2235 288 2273 2
378 2227 511 2274 Illud
535 2244 656 2273 sane
683 2235 876 2291 quanto
901 2231 1049 2274 citius
1075 2245 1132 2274 ac
1155 2228 1381 2275 breviter
1404 2228 1620 2282 noveris,
1644 2241 1821 2273 omnes

313 2305 453 2369 leges
510 2312 666 2368 atque
726 2309 967 2352 instituta
1019 2309 1204 2362 omnia,
1260 2305 1574 2368 disciplinae,
1625 2303 1823 2360 laudes,

313 2386 733 2446 vituperationes,
758 2382 1158 2441 exhortationes,
1180 2391 1418 2439 terrores,
1439 2384 1685 2446 praemia,
1705 2397 1823 2445 sup-

460 2549 478 2569 a
510 2544 788 2598 Lampadius
809 2559 998 2598 appears
1019 2550 1065 2586 to
1087 2546 1142 2587 be
1164 2544 1419 2587 mentioned
1440 2543 1546 2596 only
1568 2543 1686 2584 here.

320 2637 415 2678 482
