<?xml version="1.0" encoding="UTF-8"?>
<!DOCTYPE html PUBLIC "-//W3C//DTD XHTML 1.0 Transitional//EN"
    "http://www.w3.org/TR/xhtml1/DTD/xhtml1-transitional.dtd">
<html xmlns="http://www.w3.org/1999/xhtml" xml:lang="en" lang="en">
 <head>
  <title>
</title>
<meta http-equiv="Content-Type" content="text/html;charset=utf-8" />
  <meta name='ocr-system' content='tesseract 3.04.00' />
  <meta name='ocr-capabilities' content='ocr_page ocr_carea ocr_par ocr_line ocrx_word'/>
</head>
<body>
  <div class='ocr_page' id='page_1' title='image "./selectletters00auguuoft_0574.png"; bbox 0 0 1850 2964; ppageno 0'>
   <div class='ocr_carea' id='block_1_1' title="bbox 747 198 1286 247">
    <p class='ocr_par' dir='ltr' id='par_1_1' title="bbox 747 198 1286 247">
     <span class='ocr_line' id='line_1_1' title="bbox 747 198 1286 247; baseline 0 -1"><span class='ocrx_word' id='word_1_1' title='bbox 747 198 837 246; x_wconf 90' lang='lat' dir='ltr'><strong><em>ST.</em></strong></span> <span class='ocrx_word' id='word_1_2' title='bbox 877 199 1286 247; x_wconf 89' lang='lat' dir='ltr'>AUGUSTINE</span> 
     </span>
    </p>
   </div>
   <div class='ocr_carea' id='block_1_2' title="bbox 215 331 1778 2440">
    <p class='ocr_par' dir='ltr' id='par_1_2' title="bbox 261 331 1778 1811">
     <span class='ocr_line' id='line_1_2' title="bbox 262 331 1775 398; baseline 0 -19"><span class='ocrx_word' id='word_1_3' title='bbox 262 331 580 398; x_wconf 76' lang='lat' dir='ltr'><strong><em>unusquisque</em></strong></span> <span class='ocrx_word' id='word_1_4' title='bbox 613 339 791 379; x_wconf 84' lang='lat' dir='ltr'><strong><em>tamen</em></strong></span> <span class='ocrx_word' id='word_1_5' title='bbox 817 332 1063 397; x_wconf 82' lang='lat' dir='ltr'><strong><em>proprium</em></strong></span> <span class='ocrx_word' id='word_1_6' title='bbox 1096 332 1267 380; x_wconf 84' lang='lat' dir='ltr'><strong><em>donum</em></strong></span> <span class='ocrx_word' id='word_1_7' title='bbox 1301 331 1437 380; x_wconf 74' lang='lat' dir='ltr'><strong><em>habet</em></strong></span> <span class='ocrx_word' id='word_1_8' title='bbox 1469 350 1499 380; x_wconf 87' lang='lat' dir='ltr'><em>a</em></span> <span class='ocrx_word' id='word_1_9' title='bbox 1531 331 1616 380; x_wconf 88' lang='lat' dir='ltr'><strong><em>deo</em></strong></span> <span class='ocrx_word' id='word_1_10' title='bbox 1650 331 1775 380; x_wconf 84' lang='lat' dir='ltr'><strong><em>alius</em></strong></span> 
     </span>
     <span class='ocr_line' id='line_1_3' title="bbox 261 400 1775 475; baseline 0 -17"><span class='ocrx_word' id='word_1_11' title='bbox 261 411 345 467; x_wconf 84' lang='lat' dir='ltr'><strong><em>sic,</em></strong></span> <span class='ocrx_word' id='word_1_12' title='bbox 383 411 507 458; x_wconf 85' lang='lat' dir='ltr'><strong><em>alius</em></strong></span> <span class='ocrx_word' id='word_1_13' title='bbox 544 418 695 458; x_wconf 82' lang='lat' dir='ltr'><strong><em>autem</em></strong></span> <span class='ocrx_word' id='word_1_14' title='bbox 741 411 825 468; x_wconf 84' lang='lat' dir='ltr'><strong><em>sio,</em></strong></span> <span class='ocrx_word' id='word_1_15' title='bbox 871 415 967 458; x_wconf 91' lang='lat' dir='ltr'><strong><em>nisi</em></strong></span> <span class='ocrx_word' id='word_1_16' title='bbox 1012 410 1146 458; x_wconf 90' lang='lat' dir='ltr'><strong><em>forte</em></strong></span> <span class='ocrx_word' id='word_1_17' title='bbox 1193 411 1318 458; x_wconf 88' lang='lat' dir='ltr'><strong><em>talia</em></strong></span> <span class='ocrx_word' id='word_1_18' title='bbox 1361 400 1775 475; x_wconf 33' lang='lat' dir='ltr'><strong><em>prospiciens&#39;et</em></strong></span> 
     </span>
     <span class='ocr_line' id='line_1_4' title="bbox 261 489 1774 554; baseline 0.001 -18"><span class='ocrx_word' id='word_1_19' title='bbox 261 507 572 552; x_wconf 84' lang='lat' dir='ltr'><strong><em>praecavens</em></strong></span> <span class='ocrx_word' id='word_1_20' title='bbox 614 489 1069 553; x_wconf 88' lang='lat' dir='ltr'><strong><em>reprehendendus</em></strong></span> <span class='ocrx_word' id='word_1_21' title='bbox 1111 497 1190 537; x_wconf 83' lang='lat' dir='ltr'><strong><em>est</em></strong></span> <span class='ocrx_word' id='word_1_22' title='bbox 1228 497 1395 554; x_wconf 85' lang='lat' dir='ltr'><strong><em>pater,</em></strong></span> <span class='ocrx_word' id='word_1_23' title='bbox 1435 507 1550 537; x_wconf 91' lang='lat' dir='ltr'><strong><em>cum</em></strong></span> <span class='ocrx_word' id='word_1_24' title='bbox 1588 491 1774 547; x_wconf 81' lang='lat' dir='ltr'><strong><em>beatus</em></strong></span> 
     </span>
     <span class='ocr_line' id='line_1_5' title="bbox 264 567 1776 633; baseline -0.001 -18"><span class='ocrx_word' id='word_1_25' title='bbox 264 568 522 631; x_wconf 88' lang='lat' dir='ltr'><strong><em>apostolus</em></strong></span> <span class='ocrx_word' id='word_1_26' title='bbox 583 569 756 616; x_wconf 87' lang='lat' dir='ltr'><strong><em>dicat:</em></strong></span> <span class='ocrx_word' id='word_1_27' title='bbox 833 568 1062 633; x_wconf 75' lang='lat' dir='ltr'><strong><em>Quisquis</em></strong></span> <span class='ocrx_word' id='word_1_28' title='bbox 1121 575 1273 615; x_wconf 78' lang='lat' dir='ltr'><strong><em>autem</em></strong></span> <span class='ocrx_word' id='word_1_29' title='bbox 1331 568 1431 616; x_wconf 86' lang='lat' dir='ltr'><strong><em>suis</em></strong></span> <span class='ocrx_word' id='word_1_30' title='bbox 1482 575 1525 616; x_wconf 80' lang='lat' dir='ltr'><strong><em>et</em></strong></span> <span class='ocrx_word' id='word_1_31' title='bbox 1576 567 1776 615; x_wconf 73' lang='lat' dir='ltr'><strong><em>maxime</em></strong></span> 
     </span>
     <span class='ocr_line' id='line_1_6' title="bbox 261 645 1777 712; baseline 0 -19"><span class='ocrx_word' id='word_1_32' title='bbox 261 646 523 694; x_wconf 75' lang='lat' dir='ltr'><strong><em>domesticis</em></strong></span> <span class='ocrx_word' id='word_1_33' title='bbox 568 664 660 694; x_wconf 79' lang='lat' dir='ltr'><strong><em>non</em></strong></span> <span class='ocrx_word' id='word_1_34' title='bbox 699 647 930 711; x_wconf 80' lang='lat' dir='ltr'><strong><em>providet,</em></strong></span> <span class='ocrx_word' id='word_1_35' title='bbox 959 646 1114 710; x_wconf 83' lang='lat' dir='ltr'><strong><em>fidem</em></strong></span> <span class='ocrx_word' id='word_1_36' title='bbox 1159 647 1357 712; x_wconf 82' lang='lat' dir='ltr'><strong><em>denegat</em></strong></span> <span class='ocrx_word' id='word_1_37' title='bbox 1400 654 1444 695; x_wconf 80' lang='lat' dir='ltr'><strong><em>et</em></strong></span> <span class='ocrx_word' id='word_1_38' title='bbox 1486 653 1554 695; x_wconf 77' lang='lat' dir='ltr'><strong><em>est</em></strong></span> <span class='ocrx_word' id='word_1_39' title='bbox 1597 645 1777 711; x_wconf 60' lang='lat' dir='ltr'><strong><em>iufideli</em></strong></span> 
     </span>
     <span class='ocr_line' id='line_1_7' title="bbox 261 711 1776 790; baseline 0.001 -19"><span class='ocrx_word' id='word_1_40' title='bbox 261 724 473 772; x_wconf 80' lang='lat' dir='ltr'><strong><em>deterior.</em></strong></span> <span class='ocrx_word' id='word_1_41' title='bbox 544 711 841 772; x_wconf 50' lang='lat' dir='ltr'><strong><em>Cunsvero</em></strong></span> <span class='ocrx_word' id='word_1_42' title='bbox 891 726 956 773; x_wconf 91' lang='lat' dir='ltr'><strong><em>de</em></strong></span> <span class='ocrx_word' id='word_1_43' title='bbox 1004 724 1250 773; x_wconf 83' lang='lat' dir='ltr'><strong><em>faciendis</em></strong></span> <span class='ocrx_word' id='word_1_44' title='bbox 1299 729 1419 789; x_wconf 89' lang='lat' dir='ltr'><strong><em>ipsis</em></strong></span> <span class='ocrx_word' id='word_1_45' title='bbox 1470 725 1776 790; x_wconf 87' lang='lat' dir='ltr'><strong><em>elemosynis</em></strong></span> 
     </span>
     <span class='ocr_line' id='line_1_8' title="bbox 262 802 1776 869; baseline 0 -19"><span class='ocrx_word' id='word_1_46' title='bbox 262 802 577 867; x_wconf 87' lang='lat' dir='ltr'><strong><em>loqueretur,</em></strong></span> <span class='ocrx_word' id='word_1_47' title='bbox 621 807 728 851; x_wconf 86' lang='lat' dir='ltr'><strong><em>ait:</em></strong></span> <span class='ocrx_word' id='word_1_48' title='bbox 794 803 906 851; x_wconf 78' lang='lat' dir='ltr'><strong><em>Non</em></strong></span> <span class='ocrx_word' id='word_1_49' title='bbox 948 811 997 851; x_wconf 78' lang='lat' dir='ltr'><strong><em>ut</em></strong></span> <span class='ocrx_word' id='word_1_50' title='bbox 1040 804 1149 851; x_wconf 81' lang='lat' dir='ltr'><strong><em>aliis</em></strong></span> <span class='ocrx_word' id='word_1_51' title='bbox 1195 803 1406 869; x_wconf 81' lang='lat' dir='ltr'><strong><em>refectio,</em></strong></span> <span class='ocrx_word' id='word_1_52' title='bbox 1448 803 1577 851; x_wconf 82' lang='lat' dir='ltr'><strong><em>vobis</em></strong></span> <span class='ocrx_word' id='word_1_53' title='bbox 1624 809 1776 851; x_wconf 77' lang='lat' dir='ltr'><strong><em>autem</em></strong></span> 
     </span>
     <span class='ocr_line' id='line_1_9' title="bbox 264 881 1777 951; baseline 0 -22"><span class='ocrx_word' id='word_1_54' title='bbox 264 883 498 947; x_wconf 78' lang='lat' dir='ltr'><strong><em>angustia.</em></strong></span> <span class='ocrx_word' id='word_1_55' title='bbox 570 882 769 929; x_wconf 75' lang='lat' dir='ltr'><strong><em>Pariter</em></strong></span> <span class='ocrx_word' id='word_1_56' title='bbox 792 900 912 947; x_wconf 89' lang='lat' dir='ltr'><strong><em>ergo</em></strong></span> <span class='ocrx_word' id='word_1_57' title='bbox 935 883 1198 930; x_wconf 86' lang='lat' dir='ltr'><strong><em>consilium</em></strong></span> <span class='ocrx_word' id='word_1_58' title='bbox 1221 883 1285 930; x_wconf 90' lang='lat' dir='ltr'><strong><em>de</em></strong></span> <span class='ocrx_word' id='word_1_59' title='bbox 1308 884 1541 951; x_wconf 91' lang='lat' dir='ltr'><strong><em>omnibus</em></strong></span> <span class='ocrx_word' id='word_1_60' title='bbox 1561 881 1777 929; x_wconf 87' lang='lat' dir='ltr'><strong><em>habere-</em></strong></span> 
     </span>
     <span class='ocr_line' id='line_1_10' title="bbox 262 961 1777 1025; baseline 0 -18"><span class='ocrx_word' id='word_1_61' title='bbox 262 964 346 1017; x_wconf 83' lang='lat' dir='ltr'><strong><em>tis,</em></strong></span> <span class='ocrx_word' id='word_1_62' title='bbox 368 965 562 1024; x_wconf 88' lang='lat' dir='ltr'><strong><em>pariter</em></strong></span> <span class='ocrx_word' id='word_1_63' title='bbox 583 962 977 1008; x_wconf 82' lang='lat' dir='ltr'><strong><em>moderaremini</em></strong></span> <span class='ocrx_word' id='word_1_64' title='bbox 1011 962 1134 1025; x_wconf 90' lang='lat' dir='ltr'><strong><em>quid</em></strong></span> <span class='ocrx_word' id='word_1_65' title='bbox 1165 961 1616 1009; x_wconf 88' lang='lat' dir='ltr'><strong><em>thesaurizandum</em></strong></span> <span class='ocrx_word' id='word_1_66' title='bbox 1640 967 1777 1008; x_wconf 81' lang='lat' dir='ltr'><strong><em>esset</em></strong></span> 
     </span>
     <span class='ocr_line' id='line_1_11' title="bbox 263 1039 1777 1104; baseline 0 -18"><span class='ocrx_word' id='word_1_67' title='bbox 263 1042 315 1085; x_wconf 91' lang='lat' dir='ltr'><strong><em>in</em></strong></span> <span class='ocrx_word' id='word_1_68' title='bbox 350 1039 508 1096; x_wconf 90' lang='lat' dir='ltr'><strong><em>caelo,</em></strong></span> <span class='ocrx_word' id='word_1_69' title='bbox 545 1041 668 1104; x_wconf 91' lang='lat' dir='ltr'><strong><em>quid</em></strong></span> <span class='ocrx_word' id='word_1_70' title='bbox 703 1041 769 1087; x_wconf 89' lang='lat' dir='ltr'><strong><em>ad</em></strong></span> <span class='ocrx_word' id='word_1_71' title='bbox 802 1043 939 1087; x_wconf 74' lang='lat' dir='ltr'><strong><em>vitae</em></strong></span> <span class='ocrx_word' id='word_1_72' title='bbox 974 1039 1122 1087; x_wconf 89' lang='lat' dir='ltr'><strong><em>huius</em></strong></span> <span class='ocrx_word' id='word_1_73' title='bbox 1157 1041 1512 1088; x_wconf 87' lang='lat' dir='ltr'><strong><em>sufficientiam</em></strong></span> <span class='ocrx_word' id='word_1_74' title='bbox 1545 1041 1686 1087; x_wconf 88' lang='lat' dir='ltr'><strong><em>vobis</em></strong></span> <span class='ocrx_word' id='word_1_75' title='bbox 1723 1046 1777 1086; x_wconf 82' lang='lat' dir='ltr'><strong><em>et</em></strong></span> 
     </span>
     <span class='ocr_line' id='line_1_12' title="bbox 263 1118 1777 1183; baseline 0.001 -19"><span class='ocrx_word' id='word_1_76' title='bbox 263 1122 443 1165; x_wconf 72' lang='lat' dir='ltr'><strong><em>vestris</em></strong></span> <span class='ocrx_word' id='word_1_77' title='bbox 483 1126 757 1182; x_wconf 82' lang='lat' dir='ltr'><strong><em>vestroque</em></strong></span> <span class='ocrx_word' id='word_1_78' title='bbox 798 1119 898 1166; x_wconf 90' lang='lat' dir='ltr'><strong><em>filio</em></strong></span> <span class='ocrx_word' id='word_1_79' title='bbox 937 1118 1348 1183; x_wconf 89' lang='lat' dir='ltr'><strong><em>relinquendum,</em></strong></span> <span class='ocrx_word' id='word_1_80' title='bbox 1386 1136 1452 1166; x_wconf 92' lang='lat' dir='ltr'><strong><em>ne</em></strong></span> <span class='ocrx_word' id='word_1_81' title='bbox 1493 1118 1600 1166; x_wconf 83' lang='lat' dir='ltr'><strong><em>aliis</em></strong></span> <span class='ocrx_word' id='word_1_82' title='bbox 1640 1124 1777 1165; x_wconf 81' lang='lat' dir='ltr'><strong><em>esset</em></strong></span> 
     </span>
     <span class='ocr_line' id='line_1_13' title="bbox 262 1196 1777 1262; baseline 0.001 -19"><span class='ocrx_word' id='word_1_83' title='bbox 262 1196 494 1254; x_wconf 88' lang='lat' dir='ltr'><strong><em>refectio,</em></strong></span> <span class='ocrx_word' id='word_1_84' title='bbox 514 1198 654 1244; x_wconf 83' lang='lat' dir='ltr'><strong><em>vobis</em></strong></span> <span class='ocrx_word' id='word_1_85' title='bbox 676 1205 851 1245; x_wconf 90' lang='lat' dir='ltr'><strong><em>autem</em></strong></span> <span class='ocrx_word' id='word_1_86' title='bbox 873 1201 1124 1262; x_wconf 85' lang='lat' dir='ltr'><strong><em>angustia.</em></strong></span> <span class='ocrx_word' id='word_1_87' title='bbox 1194 1198 1265 1245; x_wconf 79' lang='lat' dir='ltr'><strong><em>Et</em></strong></span> <span class='ocrx_word' id='word_1_88' title='bbox 1282 1201 1335 1244; x_wconf 87' lang='lat' dir='ltr'><strong><em>in</em></strong></span> <span class='ocrx_word' id='word_1_89' title='bbox 1353 1196 1429 1245; x_wconf 91' lang='lat' dir='ltr'><strong><em>his</em></strong></span> <span class='ocrx_word' id='word_1_90' title='bbox 1449 1197 1777 1261; x_wconf 76' lang='lat' dir='ltr'><strong><em>disponendis</em></strong></span> 
     </span>
     <span class='ocr_line' id='line_1_14' title="bbox 265 1275 1777 1340; baseline 0 -18"><span class='ocrx_word' id='word_1_91' title='bbox 265 1283 422 1339; x_wconf 88' lang='lat' dir='ltr'><strong><em>atque</em></strong></span> <span class='ocrx_word' id='word_1_92' title='bbox 459 1275 705 1323; x_wconf 87' lang='lat' dir='ltr'><strong><em>faciendis</em></strong></span> <span class='ocrx_word' id='word_1_93' title='bbox 743 1279 783 1323; x_wconf 89' lang='lat' dir='ltr'><strong><em>si</em></strong></span> <span class='ocrx_word' id='word_1_94' title='bbox 821 1277 944 1340; x_wconf 87' lang='lat' dir='ltr'><strong><em>quid</em></strong></span> <span class='ocrx_word' id='word_1_95' title='bbox 980 1277 1074 1323; x_wconf 91' lang='lat' dir='ltr'><strong><em>tibi</em></strong></span> <span class='ocrx_word' id='word_1_96' title='bbox 1111 1275 1245 1324; x_wconf 90' lang='lat' dir='ltr'><strong><em>forte</em></strong></span> <span class='ocrx_word' id='word_1_97' title='bbox 1280 1275 1462 1323; x_wconf 91' lang='lat' dir='ltr'><strong><em>melius</em></strong></span> <span class='ocrx_word' id='word_1_98' title='bbox 1498 1276 1777 1332; x_wconf 87' lang='lat' dir='ltr'><strong><em>videretur,</em></strong></span> 
     </span>
     <span class='ocr_line' id='line_1_15' title="bbox 267 1355 1776 1419; baseline 0 -19"><span class='ocrx_word' id='word_1_99' title='bbox 267 1371 568 1418; x_wconf 81' lang='lat' dir='ltr'><strong><em>suggereres</em></strong></span> <span class='ocrx_word' id='word_1_100' title='bbox 596 1358 701 1401; x_wconf 84' lang='lat' dir='ltr'><strong><em>viro</em></strong></span> <span class='ocrx_word' id='word_1_101' title='bbox 728 1362 1025 1402; x_wconf 76' lang='lat' dir='ltr'><strong><em>reverenter</em></strong></span> <span class='ocrx_word' id='word_1_102' title='bbox 1053 1355 1386 1419; x_wconf 87' lang='lat' dir='ltr'><strong><em>eiusdemque</em></strong></span> <span class='ocrx_word' id='word_1_103' title='bbox 1414 1357 1776 1402; x_wconf 86' lang='lat' dir='ltr'><strong><em>auctoritatem</em></strong></span> 
     </span>
     <span class='ocr_line' id='line_1_16' title="bbox 264 1434 1777 1497; baseline 0 -18"><span class='ocrx_word' id='word_1_104' title='bbox 264 1439 531 1496; x_wconf 77' lang='lat' dir='ltr'><strong><em>tamquam</em></strong></span> <span class='ocrx_word' id='word_1_105' title='bbox 589 1436 667 1480; x_wconf 90' lang='lat' dir='ltr'><strong><em>tui</em></strong></span> <span class='ocrx_word' id='word_1_106' title='bbox 724 1437 904 1496; x_wconf 88' lang='lat' dir='ltr'><strong><em>capitis</em></strong></span> <span class='ocrx_word' id='word_1_107' title='bbox 964 1437 1248 1497; x_wconf 81' lang='lat' dir='ltr'><strong><em>sequereris</em></strong></span> <span class='ocrx_word' id='word_1_108' title='bbox 1307 1434 1660 1490; x_wconf 78' lang='lat' dir='ltr'><strong><em>oboedienter,</em></strong></span> <span class='ocrx_word' id='word_1_109' title='bbox 1717 1439 1777 1479; x_wconf 85' lang='lat' dir='ltr'><strong><em>ut</em></strong></span> 
     </span>
     <span class='ocr_line' id='line_1_17' title="bbox 265 1511 1776 1576; baseline 0 -19"><span class='ocrx_word' id='word_1_110' title='bbox 265 1528 441 1557; x_wconf 87' lang='lat' dir='ltr'><strong><em>omnes</em></strong></span> <span class='ocrx_word' id='word_1_111' title='bbox 465 1515 551 1575; x_wconf 89' lang='lat' dir='ltr'><strong><em>qui</em></strong></span> <span class='ocrx_word' id='word_1_112' title='bbox 574 1529 754 1558; x_wconf 85' lang='lat' dir='ltr'><strong><em>sanum</em></strong></span> <span class='ocrx_word' id='word_1_113' title='bbox 776 1515 999 1575; x_wconf 87' lang='lat' dir='ltr'><strong><em>sapiunt,</em></strong></span> <span class='ocrx_word' id='word_1_114' title='bbox 1023 1513 1088 1559; x_wconf 85' lang='lat' dir='ltr'><strong><em>ad</em></strong></span> <span class='ocrx_word' id='word_1_115' title='bbox 1110 1529 1235 1576; x_wconf 88' lang='lat' dir='ltr'><strong><em>quos</em></strong></span> <span class='ocrx_word' id='word_1_116' title='bbox 1257 1519 1432 1575; x_wconf 81' lang='lat' dir='ltr'><strong><em>posset.</em></strong></span> <span class='ocrx_word' id='word_1_117' title='bbox 1460 1511 1555 1559; x_wconf 91' lang='lat' dir='ltr'><strong><em>hoc</em></strong></span> <span class='ocrx_word' id='word_1_118' title='bbox 1584 1512 1776 1559; x_wconf 91' lang='lat' dir='ltr'><strong><em>bonum</em></strong></span> 
     </span>
     <span class='ocr_line' id='line_1_18' title="bbox 265 1589 1777 1653; baseline 0.001 -18"><span class='ocrx_word' id='word_1_119' title='bbox 265 1597 493 1636; x_wconf 85' lang='lat' dir='ltr'><strong><em>vestrum</em></strong></span> <span class='ocrx_word' id='word_1_120' title='bbox 526 1589 664 1636; x_wconf 88' lang='lat' dir='ltr'><strong><em>fama</em></strong></span> <span class='ocrx_word' id='word_1_121' title='bbox 696 1590 943 1653; x_wconf 87' lang='lat' dir='ltr'><strong><em>perferre,</em></strong></span> <span class='ocrx_word' id='word_1_122' title='bbox 973 1591 1037 1637; x_wconf 93' lang='lat' dir='ltr'><strong><em>de</em></strong></span> <span class='ocrx_word' id='word_1_123' title='bbox 1071 1591 1249 1638; x_wconf 88' lang='lat' dir='ltr'><strong><em>domus</em></strong></span> <span class='ocrx_word' id='word_1_124' title='bbox 1281 1598 1482 1638; x_wconf 87' lang='lat' dir='ltr'><strong><em>vestrae</em></strong></span> <span class='ocrx_word' id='word_1_125' title='bbox 1514 1589 1685 1637; x_wconf 89' lang='lat' dir='ltr'><strong><em>fructu</em></strong></span> <span class='ocrx_word' id='word_1_126' title='bbox 1719 1606 1777 1636; x_wconf 90' lang='lat' dir='ltr'><strong><em>ac</em></strong></span> 
     </span>
     <span class='ocr_line' id='line_1_19' title="bbox 264 1667 1778 1732; baseline 0 -18"><span class='ocrx_word' id='word_1_127' title='bbox 264 1685 391 1730; x_wconf 91' lang='lat' dir='ltr'><strong><em>pace</em></strong></span> <span class='ocrx_word' id='word_1_128' title='bbox 439 1670 747 1732; x_wconf 82' lang='lat' dir='ltr'><strong><em>gauderent,</em></strong></span> <span class='ocrx_word' id='word_1_129' title='bbox 794 1677 847 1716; x_wconf 83' lang='lat' dir='ltr'><strong><em>et</em></strong></span> <span class='ocrx_word' id='word_1_130' title='bbox 904 1670 1219 1716; x_wconf 82' lang='lat' dir='ltr'><strong><em>adversarius</em></strong></span> <span class='ocrx_word' id='word_1_131' title='bbox 1267 1677 1608 1726; x_wconf 84' lang='lat' dir='ltr'><strong><em>revereretur,</em></strong></span> <span class='ocrx_word' id='word_1_132' title='bbox 1653 1667 1778 1715; x_wconf 87' lang='lat' dir='ltr'><strong><em>nihil</em></strong></span> 
     </span>
     <span class='ocr_line' id='line_1_20' title="bbox 266 1745 1094 1811; baseline 0.002 -19"><span class='ocrx_word' id='word_1_133' title='bbox 266 1745 461 1794; x_wconf 90' lang='lat' dir='ltr'><strong><em>habens</em></strong></span> <span class='ocrx_word' id='word_1_134' title='bbox 487 1748 552 1795; x_wconf 91' lang='lat' dir='ltr'><strong><em>de</em></strong></span> <span class='ocrx_word' id='word_1_135' title='bbox 578 1749 717 1795; x_wconf 78' lang='lat' dir='ltr'><strong><em>vobis</em></strong></span> <span class='ocrx_word' id='word_1_136' title='bbox 744 1748 912 1795; x_wconf 88' lang='lat' dir='ltr'><strong><em>dicere</em></strong></span> <span class='ocrx_word' id='word_1_137' title='bbox 937 1752 1094 1811; x_wconf 87' lang='lat' dir='ltr'><strong><em>pravi.</em></strong></span> 
     </span>
    </p>

    <p class='ocr_par' dir='ltr' id='par_1_3' title="bbox 215 1825 1778 2440">
     <span class='ocr_line' id='line_1_21' title="bbox 215 1825 1778 1891; baseline 0.002 -20"><span class='ocrx_word' id='word_1_138' title='bbox 215 1833 240 1871; x_wconf 87' lang='lat'>9</span> <span class='ocrx_word' id='word_1_139' title='bbox 331 1825 485 1872; x_wconf 91' lang='lat' dir='ltr'><strong><em>Porro</em></strong></span> <span class='ocrx_word' id='word_1_140' title='bbox 525 1829 566 1873; x_wconf 89' lang='lat' dir='ltr'><strong><em>si</em></strong></span> <span class='ocrx_word' id='word_1_141' title='bbox 606 1827 670 1873; x_wconf 90' lang='lat' dir='ltr'><strong><em>de</em></strong></span> <span class='ocrx_word' id='word_1_142' title='bbox 710 1825 955 1874; x_wconf 86' lang='lat' dir='ltr'><strong><em>faciendis</em></strong></span> <span class='ocrx_word' id='word_1_143' title='bbox 997 1826 1301 1891; x_wconf 85' lang='lat' dir='ltr'><strong><em>elemosynis</em></strong></span> <span class='ocrx_word' id='word_1_144' title='bbox 1342 1834 1396 1874; x_wconf 86' lang='lat' dir='ltr'><strong><em>et</em></strong></span> <span class='ocrx_word' id='word_1_145' title='bbox 1433 1829 1486 1873; x_wconf 88' lang='lat' dir='ltr'><strong><em>in</em></strong></span> <span class='ocrx_word' id='word_1_146' title='bbox 1524 1842 1778 1890; x_wconf 88' lang='lat' dir='ltr'><strong><em>pauperes</em></strong></span> 
     </span>
     <span class='ocr_line' id='line_1_22' title="bbox 266 1905 1776 1969; baseline 0.001 -19"><span class='ocrx_word' id='word_1_147' title='bbox 266 1905 605 1967; x_wconf 88' lang='lat' dir='ltr'><strong><em>inpendendis</em></strong></span> <span class='ocrx_word' id='word_1_148' title='bbox 629 1906 781 1952; x_wconf 91' lang='lat' dir='ltr'><strong><em>rebus</em></strong></span> <span class='ocrx_word' id='word_1_149' title='bbox 807 1909 926 1961; x_wconf 80' lang='lat' dir='ltr'><strong><em>tuis,</em></strong></span> <span class='ocrx_word' id='word_1_150' title='bbox 951 1906 1015 1952; x_wconf 90' lang='lat' dir='ltr'><strong><em>de</em></strong></span> <span class='ocrx_word' id='word_1_151' title='bbox 1043 1923 1143 1969; x_wconf 92' lang='lat' dir='ltr'><strong><em>quo</em></strong></span> <span class='ocrx_word' id='word_1_152' title='bbox 1169 1907 1302 1953; x_wconf 91' lang='lat' dir='ltr'><strong><em>bono</em></strong></span> <span class='ocrx_word' id='word_1_153' title='bbox 1328 1922 1483 1969; x_wconf 90' lang='lat' dir='ltr'><strong><em>opere</em></strong></span> <span class='ocrx_word' id='word_1_154' title='bbox 1510 1912 1564 1952; x_wconf 81' lang='lat' dir='ltr'><strong><em>et</em></strong></span> <span class='ocrx_word' id='word_1_155' title='bbox 1587 1922 1776 1969; x_wconf 89' lang='lat' dir='ltr'><strong><em>magno</em></strong></span> 
     </span>
     <span class='ocr_line' id='line_1_23' title="bbox 266 1984 1775 2047; baseline 0.001 -19"><span class='ocrx_word' id='word_1_156' title='bbox 266 1990 374 2029; x_wconf 89' lang='lat' dir='ltr'><strong><em>tam</em></strong></span> <span class='ocrx_word' id='word_1_157' title='bbox 407 1984 666 2030; x_wconf 84' lang='lat' dir='ltr'><strong><em>evidentia</em></strong></span> <span class='ocrx_word' id='word_1_158' title='bbox 695 1991 977 2047; x_wconf 86' lang='lat' dir='ltr'><strong><em>praecepta</em></strong></span> <span class='ocrx_word' id='word_1_159' title='bbox 1010 1991 1129 2031; x_wconf 86' lang='lat' dir='ltr'><strong><em>sunt</em></strong></span> <span class='ocrx_word' id='word_1_160' title='bbox 1164 1985 1373 2041; x_wconf 89' lang='lat' dir='ltr'><strong><em>domini,</em></strong></span> <span class='ocrx_word' id='word_1_161' title='bbox 1403 2001 1519 2030; x_wconf 91' lang='lat' dir='ltr'><strong><em>cum</em></strong></span> <span class='ocrx_word' id='word_1_162' title='bbox 1549 1987 1654 2031; x_wconf 86' lang='lat' dir='ltr'><strong><em>viro</em></strong></span> <span class='ocrx_word' id='word_1_163' title='bbox 1684 1991 1775 2030; x_wconf 80' lang='lat' dir='ltr'><strong><em>tuo</em></strong></span> 
     </span>
     <span class='ocr_line' id='line_1_24' title="bbox 266 2060 1776 2126; baseline 0.001 -20"><span class='ocrx_word' id='word_1_164' title='bbox 266 2060 403 2108; x_wconf 85' lang='lat' dir='ltr'><strong><em>fideli</em></strong></span> <span class='ocrx_word' id='word_1_165' title='bbox 443 2069 496 2108; x_wconf 88' lang='lat' dir='ltr'><strong><em>et</em></strong></span> <span class='ocrx_word' id='word_1_166' title='bbox 534 2069 706 2108; x_wconf 90' lang='lat' dir='ltr'><strong><em>tecum</em></strong></span> <span class='ocrx_word' id='word_1_167' title='bbox 745 2070 921 2109; x_wconf 86' lang='lat' dir='ltr'><strong><em>sancta</em></strong></span> <span class='ocrx_word' id='word_1_168' title='bbox 960 2065 1309 2109; x_wconf 84' lang='lat' dir='ltr'><strong><em>continentiae</em></strong></span> <span class='ocrx_word' id='word_1_169' title='bbox 1348 2069 1502 2126; x_wconf 91' lang='lat' dir='ltr'><strong><em>pacta</em></strong></span> <span class='ocrx_word' id='word_1_170' title='bbox 1539 2069 1776 2109; x_wconf 89' lang='lat' dir='ltr'><strong><em>servante</em></strong></span> 
     </span>
     <span class='ocr_line' id='line_1_25' title="bbox 265 2139 1778 2204; baseline 0.001 -19"><span class='ocrx_word' id='word_1_171' title='bbox 265 2139 528 2186; x_wconf 90' lang='lat' dir='ltr'><strong><em>consilium</em></strong></span> <span class='ocrx_word' id='word_1_172' title='bbox 584 2144 958 2187; x_wconf 89' lang='lat' dir='ltr'><strong><em>communicare</em></strong></span> <span class='ocrx_word' id='word_1_173' title='bbox 1014 2141 1230 2188; x_wconf 90' lang='lat' dir='ltr'><strong><em>deberes</em></strong></span> <span class='ocrx_word' id='word_1_174' title='bbox 1287 2141 1620 2204; x_wconf 88' lang='lat' dir='ltr'><strong><em>eiusdemque</em></strong></span> <span class='ocrx_word' id='word_1_175' title='bbox 1675 2157 1778 2188; x_wconf 90' lang='lat' dir='ltr'><strong><em>non</em></strong></span> 
     </span>
     <span class='ocr_line' id='line_1_26' title="bbox 268 2218 1778 2284; baseline 0.001 -20"><span class='ocrx_word' id='word_1_176' title='bbox 268 2235 509 2281; x_wconf 89' lang='lat' dir='ltr'><strong><em>spernere</em></strong></span> <span class='ocrx_word' id='word_1_177' title='bbox 538 2218 876 2275; x_wconf 86' lang='lat' dir='ltr'><strong><em>voluntatem,</em></strong></span> <span class='ocrx_word' id='word_1_178' title='bbox 907 2227 1099 2282; x_wconf 89' lang='lat' dir='ltr'><strong><em>quanto</em></strong></span> <span class='ocrx_word' id='word_1_179' title='bbox 1127 2223 1289 2284; x_wconf 85' lang='lat' dir='ltr'><strong><em>magis</em></strong></span> <span class='ocrx_word' id='word_1_180' title='bbox 1319 2219 1382 2266; x_wconf 93' lang='lat' dir='ltr'><strong><em>de</em></strong></span> <span class='ocrx_word' id='word_1_181' title='bbox 1410 2218 1591 2266; x_wconf 87' lang='lat' dir='ltr'><strong><em>habitu</em></strong></span> <span class='ocrx_word' id='word_1_182' title='bbox 1620 2226 1778 2282; x_wconf 87' lang='lat' dir='ltr'><strong><em>atque</em></strong></span> 
     </span>
     <span class='ocr_line' id='line_1_27' title="bbox 268 2296 1777 2360; baseline 0.001 -18"><span class='ocrx_word' id='word_1_183' title='bbox 268 2300 459 2343; x_wconf 86' lang='lat' dir='ltr'><strong><em>vestitu</em></strong></span> <span class='ocrx_word' id='word_1_184' title='bbox 495 2296 619 2343; x_wconf 88' lang='lat' dir='ltr'><strong><em>nihil</em></strong></span> <span class='ocrx_word' id='word_1_185' title='bbox 654 2298 746 2344; x_wconf 90' lang='lat' dir='ltr'><strong><em>tibi</em></strong></span> <span class='ocrx_word' id='word_1_186' title='bbox 783 2305 990 2360; x_wconf 89' lang='lat' dir='ltr'><strong><em>praeter</em></strong></span> <span class='ocrx_word' id='word_1_187' title='bbox 1027 2301 1132 2344; x_wconf 89' lang='lat' dir='ltr'><strong><em>eius</em></strong></span> <span class='ocrx_word' id='word_1_188' title='bbox 1171 2299 1436 2345; x_wconf 86' lang='lat' dir='ltr'><strong><em>arbitrium</em></strong></span> <span class='ocrx_word' id='word_1_189' title='bbox 1470 2297 1777 2344; x_wconf 86' lang='lat' dir='ltr'><strong><em>mutandum</em></strong></span> 
     </span>
     <span class='ocr_line' id='line_1_28' title="bbox 268 2374 1775 2440; baseline 0.001 -19"><span class='ocrx_word' id='word_1_190' title='bbox 268 2374 348 2421; x_wconf 83' lang='lat' dir='ltr'><strong><em>vel</em></strong></span> <span class='ocrx_word' id='word_1_191' title='bbox 389 2376 737 2438; x_wconf 90' lang='lat' dir='ltr'><strong><em>usurpandum</em></strong></span> <span class='ocrx_word' id='word_1_192' title='bbox 778 2375 894 2432; x_wconf 83' lang='lat' dir='ltr'><strong><em>fuit,</em></strong></span> <span class='ocrx_word' id='word_1_193' title='bbox 936 2377 1072 2423; x_wconf 87' lang='lat' dir='ltr'><strong><em>unde</em></strong></span> <span class='ocrx_word' id='word_1_194' title='bbox 1112 2375 1236 2422; x_wconf 91' lang='lat' dir='ltr'><strong><em>nihil</em></strong></span> <span class='ocrx_word' id='word_1_195' title='bbox 1276 2377 1517 2423; x_wconf 83' lang='lat' dir='ltr'><strong><em>divinitus</em></strong></span> <span class='ocrx_word' id='word_1_196' title='bbox 1557 2375 1775 2440; x_wconf 87' lang='lat' dir='ltr'><strong><em>legimus</em></strong></span> 
     </span>
    </p>
   </div>
   <div class='ocr_carea' id='block_1_3' title="bbox 273 2492 1778 2650">
    <p class='ocr_par' dir='ltr' id='par_1_4' title="bbox 273 2492 1778 2650">
     <span class='ocr_line' id='line_1_29' title="bbox 327 2492 1485 2534; baseline 0.002 -2"><span class='ocrx_word' id='word_1_197' title='bbox 327 2497 345 2514; x_wconf 66' lang='grc' dir='ltr'>α</span> <span class='ocrx_word' id='word_1_198' title='bbox 382 2496 399 2532; x_wconf 96' lang='grc'>1</span> <span class='ocrx_word' id='word_1_199' title='bbox 427 2492 525 2533; x_wconf 89' lang='lat' dir='ltr'><strong><em>Cor.</em></strong></span> <span class='ocrx_word' id='word_1_200' title='bbox 549 2494 621 2533; x_wconf 91' lang='lat' dir='ltr'><strong><em>vii.</em></strong></span> <span class='ocrx_word' id='word_1_201' title='bbox 648 2496 686 2533; x_wconf 84' lang='lat'><strong><em>7.</em></strong></span> <span class='ocrx_word' id='word_1_202' title='bbox 1149 2493 1164 2517; x_wconf 60' lang='grc' dir='ltr'><strong>ὸ</strong></span> <span class='ocrx_word' id='word_1_203' title='bbox 1201 2497 1218 2534; x_wconf 93' lang='grc'><strong>1</strong></span> <span class='ocrx_word' id='word_1_204' title='bbox 1244 2493 1357 2534; x_wconf 91' lang='lat' dir='ltr'><strong><em>Tim.</em></strong></span> <span class='ocrx_word' id='word_1_205' title='bbox 1380 2507 1421 2534; x_wconf 91' lang='lat' dir='ltr'><strong><em>v.</em></strong></span> <span class='ocrx_word' id='word_1_206' title='bbox 1446 2496 1485 2534; x_wconf 87' lang='grc'><strong><em>8.</em></strong></span> 
     </span>
     <span class='ocr_line' id='line_1_30' title="bbox 333 2546 1778 2601; baseline 0.001 -14"><span class='ocrx_word' id='word_1_207' title='bbox 333 2551 346 2570; x_wconf 78' lang='lat'><strong><em>⁶</em></strong></span> <span class='ocrx_word' id='word_1_208' title='bbox 377 2549 403 2587; x_wconf 71' lang='lat'><strong>2</strong></span> <span class='ocrx_word' id='word_1_209' title='bbox 428 2546 526 2588; x_wconf 87' lang='lat' dir='ltr'><strong><em>Cor.</em></strong></span> <span class='ocrx_word' id='word_1_210' title='bbox 545 2549 633 2588; x_wconf 91' lang='lat' dir='ltr'><strong><em>viii.</em></strong></span> <span class='ocrx_word' id='word_1_211' title='bbox 662 2552 725 2595; x_wconf 79' lang='grc'><strong><em>13,</em></strong></span> <span class='ocrx_word' id='word_1_212' title='bbox 747 2548 892 2588; x_wconf 77' lang='lat' dir='ltr'><strong><em>where</em></strong></span> <span class='ocrx_word' id='word_1_213' title='bbox 913 2548 987 2589; x_wconf 84' lang='lat' dir='ltr'><strong><em>the</em></strong></span> <span class='ocrx_word' id='word_1_214' title='bbox 1007 2548 1203 2601; x_wconf 86' lang='lat' dir='ltr'><strong><em>Vulgate</em></strong></span> <span class='ocrx_word' id='word_1_215' title='bbox 1228 2548 1356 2589; x_wconf 83' lang='lat' dir='ltr'><strong><em>reads</em></strong></span> <span class='ocrx_word' id='word_1_216' title='bbox 1380 2548 1406 2564; x_wconf 93' lang='grc'>“</span> <span class='ocrx_word' id='word_1_217' title='bbox 1422 2561 1512 2588; x_wconf 91' lang='lat' dir='ltr'><strong><em>non</em></strong></span> <span class='ocrx_word' id='word_1_218' title='bbox 1533 2551 1584 2588; x_wconf 90' lang='lat' dir='ltr'><strong><em>ut</em></strong></span> <span class='ocrx_word' id='word_1_219' title='bbox 1603 2546 1700 2588; x_wconf 84' lang='lat' dir='ltr'><strong><em>aliis</em></strong></span> <span class='ocrx_word' id='word_1_220' title='bbox 1720 2548 1778 2588; x_wconf 84' lang='lat' dir='ltr'><strong><em>sit</em></strong></span> 
     </span>
     <span class='ocr_line' id='line_1_31' title="bbox 273 2603 1100 2650; baseline 0.004 -9"><span class='ocrx_word' id='word_1_221' title='bbox 273 2603 486 2650; x_wconf 85' lang='lat' dir='ltr'><strong><em>remissio,</em></strong></span> <span class='ocrx_word' id='word_1_222' title='bbox 508 2603 634 2643; x_wconf 75' lang='lat' dir='ltr'><strong><em>vobis</em></strong></span> <span class='ocrx_word' id='word_1_223' title='bbox 655 2606 805 2643; x_wconf 80' lang='lat' dir='ltr'><strong><em>autem</em></strong></span> <span class='ocrx_word' id='word_1_224' title='bbox 825 2603 1100 2644; x_wconf 82' lang='lat' dir='ltr'><strong><em>tribulatio.’&#39;</em></strong></span> 
     </span>
    </p>
   </div>
   <div class='ocr_carea' id='block_1_4' title="bbox 269 2663 364 2702">
    <p class='ocr_par' dir='ltr' id='par_1_5' title="bbox 269 2663 364 2702">
     <span class='ocr_line' id='line_1_32' title="bbox 269 2663 364 2702; baseline -0.011 0"><span class='ocrx_word' id='word_1_225' title='bbox 269 2663 364 2702; x_wconf 73' lang='lat'><strong><em>512</em></strong></span> 
     </span>
    </p>
   </div>
  </div>
 </body>
</html>
