1850 2964
750 172 841 220 ST.
879 171 1288 220 AUGUSTINE

213 316 238 353 5
327 307 460 354 Ecce
495 323 649 370 quam
681 305 846 352 multa
880 306 984 353 dixi
1019 312 1073 352 et
1107 305 1229 368 quid
1262 307 1327 351 sit
1358 303 1483 351 illud
1519 304 1657 368 quod
1687 320 1772 351 me

260 396 413 460 longe
453 395 668 458 amplius
708 395 909 458 eloquio
947 402 1056 451 tuo,
1093 394 1245 458 longe
1285 393 1500 457 amplius
1537 393 1773 441 laudibus

260 489 386 532 meis
408 488 460 531 in
482 488 582 532 tuis
612 484 796 531 litteris
820 483 1114 540 delectavit,
1135 501 1235 530 non
1261 482 1425 530 adhuc
1447 483 1567 530 dixi.
1637 482 1774 541 Quid

262 581 437 621 autem
467 581 620 637 putas
653 590 781 630 esse,
812 591 841 620 o
871 574 1005 620 bone
1036 572 1206 629 homo,
1236 575 1332 619 nisi
1363 572 1501 635 quod
1529 579 1583 618 te
1614 571 1773 618 talem

261 667 423 710 virum
460 666 617 710 etiam
651 680 753 709 non
786 665 950 709 visum
983 661 1081 709 feci
1116 664 1353 717 amicum,
1387 664 1427 708 si
1460 668 1639 707 tamen
1671 677 1774 707 non

261 756 423 800 visum
450 753 618 800 dicere
646 753 829 809 debeo,
855 755 995 798 cuius
1021 769 1123 798 non
1149 768 1329 814 corpus
1355 750 1447 797 sed
1472 753 1697 797 animum
1721 752 1774 796 in

260 845 380 905 ipsis
424 845 526 889 tuis
569 841 755 888 litteris
798 842 918 897 vidi,
961 842 1049 888 ubi
1093 841 1156 888 de
1200 847 1255 886 te
1298 857 1401 887 non
1444 842 1575 886 sicut
1617 846 1772 885 antea

259 930 501 979 fratribus
535 934 680 988 meis,
716 931 807 978 sed
841 929 965 977 mihi
1000 930 1233 977 credidi?
1303 929 1428 988 Quis
1465 931 1601 975 enim
1637 944 1772 974 esses

258 1024 360 1067 iam
404 1021 612 1084 quidem
656 1037 972 1083 acceperam,
1011 1020 1102 1066 sed
1145 1018 1306 1082 qualis
1354 1035 1477 1082 erga
1512 1034 1597 1064 me
1637 1033 1772 1064 esses

258 1111 485 1158 nondum
510 1111 771 1157 tenebam.
839 1110 918 1155 Ex
943 1108 1038 1155 hac
1059 1111 1283 1155 amicitia
1301 1115 1393 1154 tua
1413 1110 1570 1154 etiam
1593 1106 1772 1154 laudes

261 1217 421 1255 meas,
452 1216 585 1263 quae
615 1216 699 1245 me
731 1217 832 1262 quo
864 1198 963 1245 fine
995 1197 1275 1253 delectent,
1306 1200 1428 1244 satis
1459 1197 1582 1252 dixi,
1610 1195 1775 1242 multo

258 1290 464 1336 uberius
523 1287 766 1335 ecclesiae
824 1287 1012 1335 Christi
1068 1304 1171 1334 non
1227 1287 1407 1334 dubito
1462 1283 1774 1348 profuturas,

261 1378 466 1441 quando
508 1378 716 1441 quidem
760 1380 918 1424 etiam
957 1376 1158 1423 labores
1198 1392 1340 1422 meos
1381 1378 1434 1421 in
1475 1372 1773 1422 defensione

261 1467 512 1531 evangelii
559 1467 799 1514 adversus
844 1465 1083 1529 reliquias
1136 1467 1407 1528 impiorum
1453 1464 1773 1511 daemonico-

257 1556 421 1603 larum
450 1560 519 1603 sic
545 1555 724 1611 habes,
753 1559 821 1602 sic
849 1555 996 1619 legis,
1025 1557 1093 1601 sic
1123 1571 1280 1610 amas,
1309 1557 1378 1600 sic
1404 1553 1686 1616 praedicaS,
1713 1559 1772 1599 ut

258 1649 311 1692 in
338 1649 409 1692 eis
435 1653 583 1692 tanto
611 1645 729 1691 fiam
755 1647 939 1700 notior,
966 1650 1160 1707 quanto
1188 1659 1240 1689 es
1266 1646 1374 1705 ipse
1401 1641 1615 1689 nobilior
1638 1657 1650 1698 3
1686 1657 1772 1688 eos

260 1738 396 1782 enim
433 1734 658 1781 latentes
697 1733 921 1780 inlustris
958 1732 1196 1779 inlustras
1227 1731 1493 1794 clarusque
1526 1729 1770 1786 declaras,

258 1831 312 1871 et
353 1825 440 1871 ubi
480 1824 722 1887 prodesse
769 1839 918 1886 posse
963 1825 1256 1885 perspicies,
1296 1822 1518 1884 ignorari
1565 1822 1770 1866 omnino

257 1931 359 1960 non
409 1916 557 1960 sines.
628 1911 676 1959 Si
726 1912 862 1959 unde
912 1912 965 1958 id
1013 1914 1167 1957 sciam
1212 1913 1432 1973 quaeris,
1479 1908 1594 1956 talis
1645 1907 1770 1954 mihi

258 2005 538 2065 apparuisti
578 2005 631 2047 in
665 2001 850 2048 litteris
887 2003 1004 2047 tuis.
1075 1999 1208 2046 Hinc
1239 2002 1341 2045 iam
1372 1998 1487 2045 vide
1519 2004 1770 2061 quantum

257 2108 340 2138 me
384 2091 500 2137 illae
547 2090 753 2137 litterae
807 2088 1066 2137 delectare
1110 2091 1393 2151 potuerint,
1439 2090 1480 2134 si
1525 2087 1660 2133 bene
1705 2086 1769 2133 de

257 2197 341 2227 me
392 2182 706 2235 existimans,
745 2182 939 2242 cogitas
978 2184 1230 2240 quantum
1265 2193 1349 2223 me
1397 2175 1585 2222 Christi
1631 2174 1770 2221 lucra

256 2268 537 2316 delectent.
601 2267 711 2314 Iam
742 2283 860 2313 vero
891 2267 1028 2330 quod
1056 2273 1111 2313 te
1140 2269 1325 2328 ipsum,
1356 2267 1460 2328 qui,
1490 2270 1549 2311 ut
1578 2264 1770 2319 scribis,

258 2374 287 2403 a
311 2358 628 2420 parentibUS,
656 2357 719 2403 ab
747 2359 849 2402 avis
878 2363 931 2402 et
959 2362 1221 2418 postrema
1246 2369 1408 2417 usque
1433 2355 1603 2417 gentis
1628 2351 1769 2415 prole

257 2445 444 2493 Christi
503 2449 613 2492 iura
671 2448 936 2507 percipere
996 2446 1227 2506 potuisti,
1286 2450 1464 2489 tamen
1529 2441 1769 2488 adversus

253 2534 473 2599 gentiles
513 2537 640 2581 ritus
683 2541 742 2581 ut
783 2549 1063 2596 numquam
1107 2531 1228 2578 alias
1272 2531 1466 2580 eisdem
1506 2529 1764 2578 laboribus

264 2611 360 2661 456
