1866 2964
715 163 807 212 ST.
845 162 1255 212 AUGUSTINE

232 302 354 346 sitas
394 297 571 354 habet,
612 300 695 343 vix
734 296 859 344 mihi
898 300 1233 360 paucissimae
1273 303 1456 360 guttae
1496 296 1742 359 temporis

232 377 506 432 stillantur,
563 392 688 439 quas
745 375 852 422 aliis
908 376 1059 422 rebus
1116 379 1157 421 si
1211 375 1510 438 inpendero,
1566 380 1744 420 contra
1783 370 1786 371 ⁷

232 456 449 502 officium
472 471 647 501 meum
671 453 793 500 mihi
818 452 987 500 facere
1012 453 1200 500 videor.

184 541 208 579 6
299 533 450 592 Quod
503 535 639 579 enim
691 535 781 587 viS,
834 539 893 578 ut
946 532 1011 578 ad
1063 539 1117 578 te
1169 530 1419 594 prolixam
1473 529 1745 594 epistulam

233 612 467 666 scribam,
490 617 543 656 et
563 609 658 656 hoc
681 610 888 673 quidem
910 610 1093 665 debeo,
1114 608 1281 656 fateor
1306 625 1317 666 ;
1357 609 1522 656 debeo
1543 624 1745 672 prorsus

233 689 328 736 hoc
366 697 475 736 tam
514 687 665 744 dulci,
704 695 813 734 tam
852 691 1096 743 sincerae,
1135 695 1244 734 tam
1281 704 1455 734 merae
1493 686 1747 733 voluntati

234 775 372 814 tuae.
443 766 545 813 Sed
581 769 699 830 quia
734 767 896 812 bonus
934 782 986 812 es
1024 773 1222 812 amator
1256 769 1502 821 iustitiae,
1537 764 1657 812 inde
1691 771 1747 810 te

236 847 504 900 admoneo,
530 852 589 891 ut
619 845 684 891 de
710 843 794 890 illa
821 861 975 907 quam
1006 843 1189 907 diligis,
1215 843 1310 890 hoc
1337 860 1365 890 a
1389 860 1474 890 me
1505 843 1748 890 libentius

238 924 429 971 audias.
501 922 675 969 Cernis
701 925 839 985 prius
867 939 976 969 esse
1009 922 1146 985 quod
1172 929 1225 968 et
1255 923 1349 969 tibi
1381 929 1434 969 et
1460 921 1567 968 aliis
1594 937 1748 985 quam

237 1001 373 1066 quod
400 1001 495 1048 tibi
520 1008 726 1047 tantum
751 1001 903 1047 modo
931 1001 1096 1047 debeo
1121 1016 1132 1056 ;
1179 1007 1231 1047 et
1257 1008 1462 1063 tempus
1490 1000 1555 1047 ad
1581 1001 1751 1046 omnia

237 1080 360 1126 mihi
381 1097 483 1126 non
504 1079 703 1134 sufficit,
725 1079 930 1142 quando
951 1095 1045 1125 nec
1067 1079 1132 1125 ad
1157 1078 1240 1124 illa
1267 1095 1399 1142 quae
1420 1082 1587 1141 priora
1612 1084 1747 1124 sunt.

241 1158 393 1205 Unde
426 1173 602 1203 omnes
635 1159 877 1203 carissimi
904 1164 957 1203 et
989 1156 1364 1203 familiarissimi
1389 1159 1509 1213 mei,
1535 1172 1751 1220 quorum

239 1240 291 1282 in
322 1239 526 1282 nomine
560 1234 747 1282 Christi
777 1238 912 1282 inter
942 1238 1130 1298 primos
1162 1235 1286 1281 mihi
1318 1251 1389 1291 es,
1419 1252 1530 1282 rem
1560 1233 1752 1281 facient

238 1315 384 1361 officii
432 1316 526 1369 sui,
574 1316 614 1360 si
663 1330 765 1359 non
813 1313 975 1360 solum
1023 1313 1146 1359 mihi
1196 1313 1294 1360 alia
1342 1313 1610 1360 scribenda
1657 1315 1753 1376 ipsi

241 1410 343 1438 non
378 1396 645 1455 inponant,
672 1408 848 1438 verum
887 1395 1044 1438 etiam
1075 1399 1271 1438 ceteros
1309 1399 1504 1455 quanta
1539 1397 1753 1454 possunt

243 1473 551 1517 auctoritate
604 1477 658 1516 et
709 1477 886 1516 sancta
936 1471 1261 1533 benignitate
1312 1469 1636 1533 prohibeant,
1688 1484 1753 1514 ne

242 1549 416 1595 videar
447 1564 543 1612 ego
573 1548 745 1603 durus,
776 1564 891 1594 cum
922 1565 950 1594 a
979 1547 1188 1612 singulis
1218 1551 1385 1611 petita
1414 1564 1516 1594 non
1545 1547 1754 1602 dedero,

243 1626 366 1673 dum
406 1642 465 1672 ea
503 1628 666 1689 magis
705 1625 816 1673 volo
854 1626 1089 1682 reddere,
1128 1642 1260 1689 quae
1299 1627 1532 1672 omnibus
1571 1625 1752 1672 debeo.

251 1704 490 1767 Denique
511 1720 644 1759 curn,
662 1707 793 1750 sicut
812 1720 1072 1766 speramus
1095 1711 1148 1751 et
1172 1707 1476 1767 promissum
1500 1711 1756 1758 tenemus,

246 1782 311 1828 ad
328 1798 417 1828 nos
438 1784 636 1828 venerit
655 1781 1013 1829 venerabilitas
1039 1789 1147 1838 tua,
1164 1785 1289 1829 scies
1316 1783 1499 1845 quibus
1519 1781 1756 1844 operibus

244 1859 533 1906 litterarum
569 1866 621 1906 et
655 1867 907 1923 quantum
940 1867 1216 1923 occupatus
1251 1863 1362 1916 sim,
1397 1867 1451 1908 et
1483 1861 1756 1906 instantius

247 1936 402 1984 facies
436 1937 573 2000 quod
609 1940 801 2001 rogavi,
834 1945 893 1984 ut
931 1945 984 1984 et
1017 1937 1157 1994 alios,
1195 1954 1320 2002 quos
1357 1941 1602 2001 potueris,
1634 1935 1757 1983 mihi

247 2014 438 2078 aliquid
480 2014 617 2062 aliud
658 2016 983 2062 scribendum
1024 2015 1254 2063 volentes
1295 2019 1562 2080 iniungere
1605 2032 1634 2061 a
1673 2030 1757 2061 me

247 2092 551 2140 demoliaris.
622 2093 872 2140 Dominus
904 2094 1029 2141 deus
1056 2101 1230 2141 noster
1254 2093 1468 2157 impleat
1493 2093 1655 2140 cordis
1682 2095 1758 2140 tui

247 2178 355 2218 tam
399 2171 649 2235 grandem
695 2178 749 2218 et
792 2178 901 2218 tam
945 2179 1178 2219 sanctum
1223 2175 1407 2228 sinum,
1451 2188 1606 2235 quem
1650 2174 1759 2234 ipse

247 2246 388 2303 fecit,
414 2249 619 2295 domine
643 2249 956 2296 beatissime.

260 2618 356 2667 206
