1850 2964
742 190 835 238 ST.
873 189 1281 238 AUGUSTINE

257 322 456 371 furatus
506 340 618 370 sum
666 329 863 370 memet
910 326 1077 386 ipsum
1125 320 1299 368 multis
1349 319 1767 384 occupationibus

257 398 403 451 meis,
444 402 504 442 ut
544 397 639 443 tibi
680 396 954 442 scriberem
997 397 1348 458 antiquissimo
1391 396 1570 449 amico,
1611 391 1767 456 quem

258 475 436 514 tamen
485 484 588 514 non
636 466 911 523 habebam,
963 483 1117 530 quam
1168 467 1256 514 diu
1304 469 1358 511 in
1409 464 1610 511 Christo
1661 480 1765 510 non

257 540 518 585 tenebam.
589 538 736 585 Nosti
794 542 983 602 quippe
1042 545 1102 584 ut
1176 537 1433 584 definierit
1491 537 1766 582 amicitiam

261 610 288 626 ‘⁴
315 609 583 666 Romani,'’
610 617 668 656 ut
695 613 767 657 ait
791 611 1017 674 quidam,
1043 608 1070 624 “
1095 612 1348 656 maximus
1375 615 1550 655 auctor
1573 605 1766 654 Tullius

261 681 500 746 eloquii.''
570 682 718 728 Dixit
761 685 895 729 enim
940 690 993 729 et
1034 685 1295 728 verissime
1343 681 1508 728 dixit:
1572 679 1599 694 “
1624 680 1766 726 Ami—

258 757 379 800 citia
443 760 522 800 est
576 770 748 800 rerum
804 753 1142 801 humanarum
1201 760 1254 799 et
1311 753 1595 799 divinarum
1650 767 1767 798 cum

258 824 605 872 benivolentia
639 832 693 872 et
725 829 942 873 caritate
976 823 1292 872 consensio.''
1358 824 1437 871 Tu
1470 831 1663 879 autem,
1694 825 1765 869 mi

258 900 532 953 carissime,
589 896 860 960 aliquando
916 897 1039 944 mihi
1095 897 1450 944 consentiebas
1505 899 1558 942 in
1611 895 1765 942 rebus

257 966 510 1025 humanis,
542 985 658 1015 cum
691 972 762 1015 eis
793 985 934 1015 more
966 968 1105 1033 vulgi
1135 967 1234 1015 frui
1265 983 1524 1030 cuperem,
1557 974 1611 1014 et
1640 964 1766 1013 mihi

260 1041 326 1087 ad
372 1057 433 1087 ea
477 1041 808 1103 capessenda,
855 1058 1071 1104 quorum
1115 1057 1199 1087 me
1244 1042 1498 1103 paenitet,
1543 1037 1763 1086 favendo

259 1111 565 1167 velificabas,
611 1115 767 1159 immo
816 1129 935 1159 vero
984 1112 1095 1159 vela
1144 1112 1486 1174 cupiditatum
1532 1127 1764 1157 mearum

259 1200 374 1230 cum
408 1187 591 1230 ceteris
625 1191 748 1231 tunc
782 1183 1108 1231 dilectoribus
1141 1186 1267 1230 meis
1299 1186 1435 1229 inter
1465 1185 1765 1246 praecipuos

261 1272 383 1301 aura
406 1255 569 1303 laudis
593 1255 822 1302 inflabas.
893 1255 1046 1302 Porro
1071 1258 1123 1301 in
1147 1256 1299 1302 rebus
1325 1255 1523 1310 divinis,
1549 1271 1764 1318 quarum

257 1325 382 1373 mihi
417 1327 501 1374 illo
539 1334 772 1390 tempore
809 1326 948 1374 nulla
985 1326 1218 1374 eluxerat
1254 1329 1460 1382 veritas,
1496 1329 1676 1389 utique
1711 1328 1765 1372 in

257 1402 449 1445 maiore
468 1398 598 1445 illius
623 1399 931 1446 definitionis
955 1406 1120 1462 parte,
1141 1405 1315 1445 nostra
1335 1401 1558 1445 amicitia
1576 1397 1764 1445 claudi-

259 1471 446 1527 cabat3
518 1477 629 1517 erat
677 1474 813 1517 enim
859 1487 1029 1517 rerum
1077 1478 1282 1518 tantum
1333 1471 1486 1518 modo
1534 1470 1561 1486 “
1585 1469 1763 1516 huma-

259 1559 439 1589 narum
465 1541 492 1557 ’'
544 1559 646 1589 non
688 1546 846 1589 etiam
888 1542 915 1558 “
941 1542 1278 1599 divinarum,''
1322 1546 1551 1607 quamvis
1594 1541 1621 1558 “
1646 1558 1761 1589 cum

258 1613 605 1661 benivolentia
629 1621 683 1661 et
707 1617 922 1661 caritate
947 1614 1262 1661 consensio.''

208 1691 233 1730 2
321 1686 392 1733 Et
440 1693 779 1749 posteaquam
827 1686 913 1733 illa
962 1703 1149 1749 cupere
1200 1687 1394 1743 destiti,
1444 1694 1503 1734 tu
1553 1687 1762 1750 quidem

257 1765 620 1820 perseverante
652 1758 997 1806 benivolentia
1028 1758 1221 1806 salvum
1253 1775 1336 1805 me
1374 1775 1484 1806 esse
1520 1761 1761 1822 cupiebas

258 1829 422 1876 salute
471 1829 673 1877 mortali
723 1837 776 1877 et
825 1847 886 1877 ea
933 1847 1102 1877 rerum
1151 1834 1493 1893 prosperitate
1540 1830 1760 1887 felicem,

258 1918 411 1965 quam
443 1903 662 1949 mundus
694 1909 872 1966 optare
905 1905 1182 1950 consuevit..
1252 1903 1321 1950 Et
1351 1906 1453 1949 iam
1484 1906 1553 1950 sic
1582 1907 1760 1967 itaque

258 1972 577 2037 aliquantum
630 1975 725 2021 tibi
781 1981 892 2020 erat
944 1990 1146 2021 mecum
1200 1990 1370 2020 rerum
1422 1973 1761 2022 humanarum

256 2045 491 2092 benivola
520 2052 573 2092 et
600 2062 717 2092 cara
744 2049 1021 2092 consensio.
1092 2045 1239 2092 Nunc
1268 2061 1389 2109 ergo
1418 2053 1668 2110 quantum
1696 2047 1760 2094 de

255 2124 309 2164 te
362 2117 582 2181 gaudeo,
629 2117 811 2180 quibus
858 2116 1108 2180 explicem
1154 2117 1338 2173 verbis,
1391 2118 1596 2180 quando
1643 2134 1760 2165 eum

256 2205 410 2252 quem
446 2205 650 2252 quoquo
685 2188 837 2235 modo
872 2187 1029 2235 habui
1064 2188 1150 2235 diu
1188 2191 1423 2244 amicum,
1458 2188 1624 2237 habeo
1657 2193 1761 2236 iam

255 2277 431 2307 verum
471 2261 730 2307 amicum?
799 2261 1029 2307 Accessit
1068 2263 1203 2306 enim
1241 2277 1411 2307 rerum
1450 2264 1607 2308 etiam
1645 2278 1761 2308 con-

256 2335 421 2379 sensio
452 2332 754 2388 divinarum,
785 2334 1043 2395 quoniam,
1074 2334 1160 2395 qui
1190 2347 1392 2378 mecum
1421 2332 1759 2396 temporalem

317 2472 336 2490 ‘²
370 2466 540 2514 Lucan,
562 2465 674 2508 BC.
700 2468 772 2506 vii.
805 2468 951 2514 62-63,
983 2465 1148 2518 quoted
1178 2468 1313 2519 again
1340 2466 1403 2519 by
1432 2466 1685 2520 Augustine
1715 2469 1759 2510 in

262 2657 359 2706 492
